2254 3496
1218 267 1268 304 60

415 376 464 430 (Ι,
490 377 549 430 3),
582 378 944 428 προσεπιϋεα)ρεῖν
983 375 1070 428 (VI,
1098 375 1159 430 2),
1215 377 1676 429 συμπαρασκευάζομαι
1724 377 1930 432 (XXXV),
1976 393 2074 419 συν-

414 448 610 499 ‹imputo›
635 446 719 500 (VI,
747 445 830 500 10),
871 446 1229 499 συνεπιμελεῖσθαι
1262 446 1470 501 (XXXV),
1510 449 1826 489 συναποστέλλω
1866 448 2073 503 (XXXV),

415 518 718 569 συναποτρέπα)
752 516 801 570 (Ι,
834 518 890 567 9),
924 515 1330 571 [εὖκαταφρόνητοςῑ
1366 517 1578 573 XXXVI].

557 587 671 629 Haec
700 586 844 637 verba,
878 600 989 640 quae
1023 587 1169 630 omnia
1189 587 1277 630 fere
1297 589 1414 641 apud
1447 591 1640 630 vetustos
1671 601 1815 631 rerum
1842 590 2072 643 scriptores

416 658 706 708 inveniuntur,
740 671 1005 711 quamquam
1029 659 1196 711 singula
1220 672 1304 700 non
1333 660 1476 712 magni
1506 661 1713 702 momenti
1742 674 1834 702 esse
1862 660 2073 712 videntur,

415 732 559 771 tamen
594 732 748 770 cuncta
784 729 963 771 multum
990 730 1134 771 valent
1164 730 1218 771 ad
1241 733 1428 772 aetatem
1451 731 1731 784 epistularum
1759 731 2072 783 illustrandam,

414 800 529 852 quod
562 799 773 841 eiusmodi
807 799 946 841 verbis
981 800 1216 843 formandis
1248 801 1506 843 recentiores
1538 802 1773 844 studebant
1797 802 1841 856 ¹).

556 870 644 911 Sed
682 870 787 912 haec
835 871 1029 912 attulisse
1071 871 1140 913 de,
1167 872 1474 914 vocabulorum
1520 872 1642 925 copia
1687 873 1790 914 satis
1833 873 1900 915 sit.
1961 873 2075 916 Luce

414 941 569 982 clarius
601 941 902 982 demonstrant
934 941 1012 983 has
1046 942 1251 994 epistulas
1284 942 1474 985 Socratis
1507 945 1549 984 et
1581 938 1897 985 Socraticorum
1931 945 2075 986 aetate

415 1011 676 1064 compositas
718 1024 805 1052 non
849 1025 954 1054 esse.
1030 1012 1263 1065 Praecipue
1312 1014 1489 1066 propter
1531 1026 1604 1055 eas
1644 1027 1782 1064 voces,
1825 1014 1879 1055 de
1919 1013 2076 1068 quibus

413 1082 589 1134 singulis
634 1082 674 1123 in
717 1082 914 1135 partibus
954 1083 1140 1135 primum
1186 1083 1381 1134 disserui,
1431 1086 1473 1125 et
1511 1086 1689 1137 propter
1730 1084 1811 1126 tria
1855 1084 2074 1136 adverbia,

403 1166 526 1206 ‚quae
559 1154 752 1195 extrema
781 1154 1044 1204 enumeravi,
1070 1155 1207 1196 facere
1234 1168 1319 1195 non
1353 1167 1597 1207 possumus,
1626 1153 1728 1207 quin
1765 1151 1983 1198 Plutarchi
2009 1153 2074 1197 vel

416 1223 589 1265 Luciani
623 1224 755 1265 aetati
788 1224 1091 1274 attribuamus,
1127 1225 1238 1267 ultra
1271 1238 1399 1278 quam
1435 1225 1633 1278 progredi
1660 1238 1746 1266 non
1790 1236 1966 1268 necesse
1996 1227 2074 1268 est.

419 1294 471 1335 Ut
503 1294 616 1336 enim
652 1295 875 1347 complura
918 1295 1049 1337 verba
1091 1295 1378 1346 inveniantur,
1413 1296 1567 1348 quibus
1590 1296 1672 1337 iam
1698 1296 1900 1350 Polybius
1928 1297 2074 1348 utitur,

414 1368 561 1407 tamen
598 1366 702 1407 baec
726 1366 871 1407 omnia
894 1366 1021 1407 etiam
1045 1367 1162 1419 apud
1191 1380 1322 1408 unum
1344 1367 1582 1409 alterumve
1604 1368 1889 1409 recentiorum
1917 1367 2076 1422 scripta

414 1436 623 1479 videmus.
1427 1466 1430 1468 -

1037 1503 1087 1555 b)
1120 1503 1192 1546 De
1224 1504 1449 1557 syntaxi.

519 1576 522 1578 ’
556 1579 788 1621 Praeterea
822 1579 957 1621 multa
990 1579 1074 1622 alia
1106 1582 1362 1632 argumenta
1389 1582 1541 1622 afferre
1567 1593 1758 1633 possum,
1792 1580 1961 1634 quibus,
1988 1593 2075 1634 quo

415 1650 506 1692 iure
549 1650 648 1692 illud
685 1650 878 1701 dlxerim‚
913 1653 1137 1704 appareat.
1200 1651 1390 1692 Primum
1437 1652 1675 1699 videamus,
1715 1665 1800 1705 qua
1833 1652 1999 1693 ratione
2030 1651 2074 1693 in

416 1722 588 1774 syntaxi
617 1720 867 1773 usurpanda
888 1721 967 1771 usi,
1003 1721 1089 1762 sint
1122 1721 1161 1772 ii,
1185 1722 1256 1774 qui
1285 1721 1474 1764 Socratis
1508 1724 1549 1763 et
1569 1722 1886 1764 Socraticorum
1913 1721 2072 1775 epistu-

415 1791 479 1833 las
513 1794 862 1844 composuerunt.

1078 1870 1106 1906 1.
1136 1868 1192 1907 De
1221 1869 1394 1907 articulo

554 1934 735 1975 'Articuli
769 1948 871 1975 usus
904 1935 1019 1988 apud
1053 1938 1223 1976 nostros
1256 1938 1453 1977 auctores
1487 1936 1658 1977 liberior
1690 1938 1755 1977 est
1793 1948 1923 1988 quam
1957 1935 2075 1989 apud

416 2008 594 2056 veteres,
628 2019 714 2058 qua
742 2006 782 2046 in
811 2019 855 2047 re
877 2007 1231 2048 consuetudinem
1261 2007 1544 2048 recentiorum
1568 2009 1819 2060 sequuntur.
1861 2007 2075 2061 Persaepe

415 2076 535 2118 deest
556 2077 779 2119 articulus:
816 2078 987 2130 ἄπειρος
1010 2080 1072 2118 ὢν
1098 2079 1269 2131 ἱππικῆς
1302 2079 1350 2131 (Ι,
1375 2078 1460 2132 11),
1487 2083 1611 2119 πᾶσιν
1637 2079 1883 2131 ἀνθρώποις
1903 2078 1987 2130 (VI,
2013 2078 2074 2133 5),

415 2149 599 2193 ἅπαντας
625 2149 875 2201 Ἀθηναίους
917 2148 1044 2202 (XIII,
1080 2148 1139 2203 2),
1181 2151 1230 2202 ζῇ
1269 2150 1347 2202 γὰρ
1384 2150 1468 2190 ἀπὸ
1500 2150 1814 2203 βὐρσοὸεψικῆς
1853 2148 1980 2203 (XIV,
2012 2134 2098 2208 2),’

415 2223 499 2259 νῦν
521 2219 600 2271 γὰρ
640 2220 744 2259 θάνε
777 2219 986 2270 Ὀλύμπια
1028 2218 1104 2274 (6),
1145 2220 1376 2274 ἀπαρνῆται
1406 2221 1617 2273 ποιηιικήν
1657 2219 1766 2275 (XV,
1794 2219 1852 2274 3),
1891 2221 2076 2266 ἅπαντας

416 2291 676 2342 ἀνθρώπους
710 2289 856 2343 (XVII,
879 2290 923 2344 02)
958 2289 1161 2345 [fortasse
1184 2310 1238 2324 =
1260 2290 1456 2333 homines
1477 2290 1662 2333 cuiusvis
1682 2288 1878 2346 ordinis],
1904 2291 2074 2332 πάντων

416 2362 663 2402 ἀνθοώπων
707 2361 873 2415 (XVII),
918 2363 1011 2414 περὶ,
1048 2362 1221 2402 Ιταλίαν
1261 2366 1399 2403 πᾶσα)
1442 2362 1589 2416 (XXII,
1618 2360 1675 2416 2),
1719 2360 1840 2407 οὗτος
1875 2361 2075 2415 Αἰσχίνης

417 2431 604 2486 (XXIII),
634 2433 894 2484 ’491'on717mg
915 2431 1036 2477 οἶτος
1070 2433 1143 2486 (0),
1171 2433 1274 2484 {mov
1294 2435 1506 2486 βούλευμα
1541 2432 1710 2487 (XXIX,
1734 2431 1791 2486 3),
1826 2431 2075 2478 Μακεδόνες

415 2504 564 2548 πάντες
597 2503 744 2552 (ΧΧΧ,
769 2502 824 2556 7).

557 2573 734 2615 Duobus
768 2574 869 2614 locis
902 2574 1108 2616 articulus
1129 2575 1235 2616 salso
1255 2575 1422 2628 positus
1456 2577 1540 2616 est:
1566 2574 1705 2615 Ὲσται
1726 2576 1752 2616 ὁ
1784 2574 2074 2627 σωφρονιστὴς

447 2677 456 2686 .
480 2678 487 2686 .
519 2646 779 2698 Ἀντισθένης
812 2644 940 2699 (XII),
966 2644 1045 2685 ἿῘν
1064 2646 1142 2697 μὲν
1175 2645 1254 2698 γὰρ
1279 2647 1308 2700 ἡ
1343 2646 1434 2697 ῥίζα
1474 2650 1543 2699 τῆς
1570 2649 1735 2698 γραφῆς
1755 2645 1925 2690 ’Ἁνυτος
1946 2643 2072 2699 (XIV,

418 2715 460 2769 v32)
477 2715 524 2769 ²),
558 2729 655 2757 eum
695 2715 988 2768 compluribus
1026 2729 1375 2769 supervacaneus
1407 2716 1481 2758 sit:
1530 2717 1552 2755 ὁ
1592 2715 1809 2768 Χαρικλῆς
1847 2714 1971 2770 (VII),
2004 2715 2074 2757 τὸν

417 2787 594 2839 Σίμωνα
629 2786 736 2840 (XI),
770 2787 839 2827 τὸν
872 2787 1001 2827 Γέταν
1034 2787 1160 2842 (XIV,
1199 2787 1254 2841 1),
1287 2792 1334 2840 τῇ
1361 2787 1564 2839 Ἀρτέμιδι
1598 2786 1763 2841 (XVIII,
1794 2786 1849 2841 1),
1884 2791 1952 2840 τῆς
1977 2787 2072 2839 Ἀρ-

561 2912 584 2952 Ι)
612 2913 788 2954 Schmidt,
815 2923 849 2953 p.
871 2915 957 2953 5263
987 2913 1147 2954 Schmid,
1175 2914 1235 2954 IV,
1256 2922 1290 2953 p.
1314 2914 1391 2954 704,
1414 2914 1491 2944 708.
1542 2912 1664 2945 Cobet.
1686 2913 1770 2944 Var.
1792 2912 1884 2952 lect„
1903 2920 1938 2951 p.
1961 2912 2016 2952 75,
2031 2913 2070 2943 2:

417 2972 603 3003 addebant
629 2974 790 3004 monstra
818 2973 1016 3004 verborum
1046 2981 1066 3003 a
1091 2981 1128 3003 se
1147 2972 1278 3004 stolide
1297 2972 1395 3004 ficta.
1446 2971 1489 3003 cf.
1517 2971 1661 3012 Rieder,
1688 2964 1786 3003 Uber
1806 2971 1866 3002 die
1884 2971 1951 3001 mit
1969 2970 2074 3002 mehr

416 3032 470 3063 als
503 3031 606 3062 einer
640 3032 870 3071 Praposition
906 3034 1295 3071 zusammengesetzten
1331 3031 1474 3063 Verben
1513 3031 1563 3062 im
1600 3029 1852 3070 griechischen
1886 3029 1976 3061 Text
2011 3028 2073 3060 des

416 3089 541 3123 Neuen
569 3091 801 3122 Testaments.

559 3147 585 3189 ²²)
600 3150 760 3191 Schmid,
774 3151 834 3191 IV,
846 3160 880 3190 p.
895 3152 949 3191 64,
966 3152 1042 3181 611.
1072 3150 1184 3190 Blass,
1199 3150 1359 3182 Graium.
1374 3150 1435 3181 des
1449 3149 1737 3181 neutestamentl.
1750 3148 1892 3180 Griech.
1908 3148 2003 3187 p.48,
2015 3148 2070 3179 49.
