2254 3496
1013 158 1059 197 51

335 269 713 327 ἀποσχηματίζω
744 269 954 325 (XXVIII,
983 269 1040 325 ⁹2),
1075 272 1275 313 formare.
1339 269 1432 312 Hoc
1474 269 1568 312 loco
1602 269 1695 312 solo
1728 272 1770 313 et
1802 283 1872 325 ap.

194 341 398 386 philostr.
430 341 499 397 (V.
533 341 577 383 S.
613 342 652 393 Ξ),
674 340 764 395 925).
818 341 1151 385 Substantivum
1185 342 1428 396 ἀπόσχημα,
1457 341 1631 395 effigies,
1664 342 1871 396 scriptum

194 416 261 457 est
293 413 336 457 in
369 413 534 457 scholio
567 412 760 468 quodam
793 413 972 458 Stobaei
1006 412 1104 469 [ecl.
1140 413 1221 456 vol.
1256 414 1305 456 ΙΙ.
1339 428 1380 468 p.
1416 413 1538 470 463]

336 487 723 542 καταστρατηγέω
775 485 927 540 (XXX,
976 486 1061 541 14),
1104 486 1257 528 bellica
1296 486 1458 529 astutia
1491 499 1714 540 superare.
1776 486 1873 528 Non

194 559 297 602 ante
329 557 478 612 Polyb.
514 558 572 612 (3,
604 558 674 608 71,
707 557 763 612 1),
804 571 934 611 quem
974 561 1219 611 sequuntur
1259 571 1389 601 rece:
1424 558 1549 600 Dion.
1584 558 1681 601 Hal.
1717 558 1786 614 (Α.
1821 558 1874 600 R.

193 630 236 682 4,
268 628 355 684 10),
388 628 511 671 Diod.
547 628 636 683 (11,
672 628 760 683 21),
794 628 953 680 Strab.‚
987 629 1114 680 plut„
1143 629 1266 681 Phil„
1293 629 1378 672 alii.

337 699 670 758 προεισβάλλω
705 700 914 756 (XXXV),
948 703 1050 743 ante
1083 701 1210 743 inicio
1242 701 1309 743 vel
1343 701 1499 744 insero.
1563 701 1661 742 Non
1696 701 1776 743 nisi
1805 714 1875 753 ap.

147 827 150 829 ι
197 775 431 817 auctorem
464 772 559 826 περὶ
592 773 667 825 ’ἷῖηκ
702 772 791 826 (22,
820 771 878 827 2).
942 772 1274 815 Substantivum
1313 773 1567 827 προεισβολὴ
1614 786 1684 826 ap.
1732 772 1875 827 Cyrill.

196 845 352 888 solum.

339 903 714 974 [προσέρχεσθαι
745 915 811 971 (τῇ
844 917 1096 970 φιλοσοφίᾳε
1132 917 1162 967 Ι,
1190 915 1250 970 2).
1304 916 1415 959 Vett.
1455 916 1620 960 habent
1663 933 1732 969 πρ.
1771 917 1879 969 πρός

111 1003 118 1008 ·
197 1006 242 1031 τι.
279 989 394 1031 Plut.
422 1001 525 1032 vero
552 990 594 1030 et
626 988 697 1030 alii
724 1001 831 1031 recc.
862 987 999 1039 Diod„
1033 988 1256 1043 Philostr.)
1286 988 1484 1031 dativum
1508 1001 1607 1031 cum
1640 988 1711 1029 illo
1742 988 1878 1030 verbo

188 1061 529 1104 coniunxerunt.
581 1059 714 1116 [Plut.
736 1077 804 1114 πρ.
839 1065 885 1114 τῇ
918 1061 1100 1114 πολιτείᾳ
1122 1060 1236 1115 (Cat.
1268 1061 1371 1104 min.
1399 1060 1483 1115 12),
1515 1078 1587 1114 πρ.
1609 1066 1692 1106 τοῖς
1724 1065 1880 1106 κοινοῖς

197 1132 305 1189 (Sol.
341 1132 429 1188 14),
460 1150 530 1187 πρ.
563 1137 647 1178 τοῖς
680 1133 899 1186 δημοσίοις
935 1133 1178 1185 πράγμασιν
1212 1133 1339 1187 (mor.
1374 1147 1415 1186 p.
1455 1134 1566 1174 1059
1582 1131 1670 1188 Ε).]

340 1203 642 1260 ὑπαπῄειμεν
687 1204 736 1258 (Ι,
776 1204 836 1258 9),
880 1202 1008 1259 ἐξῄει
1048 1204 1176 1258 (XIV,
1218 1204 1278 1259 5),
1323 1203 1580 1261 περιῄεσαν
1623 1205 1773 1260 (XVII,
1821 1205 1879 1258 2),

197 1274 333 1333 ᾔδειν
364 1275 456 1331 (ΙΧ,
488 1275 548 1330 3).
612 1274 732 1326 Quas
770 1275 933 1316 formas
972 1275 1211 1328 imperfecti
1252 1278 1295 1318 et
1333 1275 1763 1330 plusquamperfecti,
1808 1290 1882 1318 ve-

110 1348 137 1377 ‘s
199 1348 366 1392 teribus
397 1348 681 1403 scriptoribus
722 1348 967 1399 inusitatas,
1014 1347 1258 1390 invenimus
1300 1362 1370 1402 ap.
1414 1362 1539 1400 rece„
1581 1348 1794 1402 imprimis
1840 1348 1881 1390 in

198 1420 317 1464 libris
348 1419 460 1463 Novi
491 1419 611 1463 Test.
630 1420 676 1474 ¹).

343 1491 675 1547 σπουδάζομαι
705 1493 804 1534 ὑπό
830 1506 956 1540 τινος
988 1490 1056 1546 (ΙΙ,
1082 1491 1123 1545 1)
1156 1491 1295 1533 iuvari
1322 1492 1390 1534 vel
1416 1491 1499 1533 coli
1525 1491 1696 1545 diligive
1722 1492 1779 1534 ab
1805 1492 1884 1535 ali-

198 1577 301 1619 quo.
355 1563 518 1607 Strabo
549 1564 639 1619 (17,
666 1578 707 1617 p,
737 1563 842 1618 833)
876 1566 918 1605 et
945 1563 1056 1605 Plut.
1086 1562 1257 1618 (Them.
1291 1565 1338 1614 ὃς
1373 1563 1523 1606 Pericl.
1552 1565 1627 1612 243
1670 1565 1780 1608 Cim.
1816 1565 1876 1619 4).

343 1638 617 1694 ἀγανακτέω
649 1638 771 1692 πρός
809 1650 912 1677 τινα
951 1635 1038 1688 (VI,
1074 1636 1132 1691 7).
1199 1636 1331 1678 Vett.:
1378 1637 1443 1689 ἀγ.
1482 1638 1565 1677 τινί.
1629 1636 1740 1679 Plut.
1782 1650 1884 1678 vero

205 1707 346 1764 (Cam.
381 1707 456 1762 28)
489 1709 531 1751 et
563 1706 800 1750 Herodian.
835 1707 1039 1749 exhibent
1073 1707 1137 1760 ἀγ.
1169 1708 1278 1760 πρός
1310 1724 1408 1748 τινα.

343 1778 561 1836 βιοῦντες
592 1779 683 1835 (XI,
717 1772 776 1834 7).
830 1779 1023 1832 Tempus
1066 1792 1276 1833 praesens
1316 1792 1403 1821 non
1433 1782 1499 1822 est
1531 1793 1601 1834 ap.
1643 1783 1761 1832 vett„
1807 1782 1884 1822 sed

201 1865 272 1907 ap.
305 1865 415 1895 rece.
448 1851 579 1902 solos,
613 1854 662 1893 ut
693 1865 763 1906 ap.
799 1851 898 1894 Luc.
934 1851 1050 1906 (adv.
1088 1851 1173 1894 ind.
1212 1852 1309 1903 113,
1344 1851 1536 1906 Philops.
1571 1853 1659 1904 53),

344 1925 616 1980 ἐντυγχάνω
647 1926 743 1965 τινί
771 1921 864 1965 κατ’
889 1924 1009 1978 ὄψιν
1043 1923 1128 1975 (VI,
1167 1923 1251 1978 12).
1316 1923 1458 1974 Quam
1493 1924 1755 1967 locutionem
1798 1939 1885 1967 non

203 1995 419 2040 habemus
452 1995 494 2038 in
526 1995 681 2038 litteris
714 1995 889 2037 Graecis
922 1995 1002 2037 nisi
1036 2008 1106 2049 ap.
1140 1995 1253 2038 Plut.
1283 1995 1400 2051 (Lyc.
1440 1996 1494 2050 1).

347 2069 640 2124 ἀπέρρηκται
673 2067 782 2123 (VII,
805 2067 866 2122 4).
932 2067 1024 2109 Hoc
1056 2067 1150 2110 loco
1184 2070 1227 2110 et
1258 2081 1327 2121 ap.
1362 2067 1469 2110 Phil.
1500 2067 1602 2123 (vol.
1639 2068 1691 2120 ΙΙ,
1714 2082 1755 2122 p.
1784 2070 1886 2120 510,

205 2139 281 2195 22)
315 2142 358 2183 et
390 2139 497 2182 Poll.
532 2138 592 2194 (2,
613 2139 689 2187 ⁶29;
725 2140 766 2190 8,
803 2138 918 2193 152).
989 2139 1120 2181 Vett.:
1154 2139 1399 2192 ἀπέρρωγα.

346 2210 544 2268 βιώσειν
576 2210 705 2266 (XIV,
739 2211 799 2265 5).
863 2211 1073 2252 Futurum
1108 2211 1278 2263 generis
1311 2211 1441 2253 activi
1473 2211 1662 2266 primum
1703 2212 1889 2254 occurrit

204 2285 248 2327 in
281 2283 391 2326 libro
424 2283 714 2335 Manethonis,
749 2282 823 2336 qui
856 2283 1212 2335 ἀποτελεσματικά
1241 2282 1500 2325 inscribitur.
1565 2283 1650 2325 Sed
1686 2297 1782 2325 cum
1806 2284 1888 2326 hoc

204 2368 317 2411 opus
349 2355 508 2398 iniuria
540 2354 599 2396 illi
632 2357 803 2409 poetae,
826 2354 899 2408 qui
926 2354 1073 2396 floruit
1098 2355 1212 2397 circa
1233 2355 1424 2397 medium
1460 2355 1681 2398 saeculum
1712 2356 1889 2398 tertium

205 2441 244 2472 a.
268 2427 369 2472 Chr.
391 2441 451 2479 n.,
466 2427 699 2479 tribuatur,
728 2429 887 2469 etcum
912 2426 1040 2468 tertio
1060 2429 1160 2480 post
1181 2427 1281 2470 Chr.
1296 2440 1338 2470 n.
1356 2428 1531 2470 saeculo
1559 2428 1765 2481 scriptum
1796 2442 1891 2470 esse

204 2499 308 2542 viris
333 2499 474 2542 doctis
504 2499 739 2554 probatum
772 2499 827 2540 sit
846 2498 893 2553 2),
926 2498 1115 2552 primum
1137 2499 1385 2552 exemplum
1410 2512 1490 2541 nos
1522 2499 1696 2542 deducit
1724 2499 1766 2541 in
1789 2499 1889 2542 Dio-

206 2571 329 2626 genis
347 2571 507 2614 Laertii
527 2573 734 2622 aetatem,
767 2583 896 2624 quem
922 2570 995 2612 alii
1015 2570 1151 2613 secuti
1184 2573 1298 2613 sunt.
1342 2571 1529 2614 Mediam
1563 2571 1746 2613 formam
1773 2572 1891 2625 apud

206 2643 418 2698 probatos
449 2656 595 2686 rerum
637 2643 870 2697 scriptores
904 2642 1084 2685 inveniri
1118 2645 1304 2685 testatur
1335 2643 1549 2697 Stephani
1591 2643 1824 2686 thesaurus
1843 2644 1890 2698 ²²).

355 2713 647 2772 ὃιαμάχομαι
703 2717 825 2772 πρός
880 2730 984 2756 τινα
1035 2714 1200 2768 (XVII).
1285 2715 1469 2768 Saepius
1520 2728 1589 2768 ap.
1647 2728 1756 2757 rece.
1813 2728 1893 2769 pro

209 2788 325 2842 ὃιαμ,
361 2787 435 2828 τινί
446 2787 495 2842 ⁴¹).

355 2902 378 2944 ¹)
409 2903 522 2945 mass,
548 2913 583 2944 p.
607 2904 639 2945 6,
661 2905 725 2943 533
756 2905 810 2935 52.

354 2961 381 3003 ⁴·')
408 2962 553 3005 Miiller,
580 2963 617 2996 F.
647 2963 692 2995 H.
720 2963 760 2995 G.
790 2963 839 3004 II,
866 2971 899 3003 p.
924 2964 1002 2995 512.

354 3021 380 3063 ²¹)
407 3023 451 3055 ef.
479 3022 691 3064 Schwidop,
717 3023 863 3054 observ.
891 3023 978 3054 Luc.
1006 3023 1035 3063 Ι,
1059 3024 1119 3062 13;
1151 3023 1202 3062 ΙΙ,
1225 3023 1287 3063 29;
1317 3020 1480 3063 Sohund,
1510 3023 1570 3063 IV,
1594 3023 1672 3055 598.

355 3082 382 3123 ⁴)
410 3083 573 3124 Schmid,
602 3083 650 3124 11,
678 3093 713 3123 p.
736 3081 803 3115 24'2
831 3086 865 3114 ot
892 3083 978 3114 adn.
