2254 3496
1175 216 1224 252 56

371 320 474 362 (jail.
522 322 626 371 (Del.
674 320 792 373 124&
847 321 954 363 Plut.
1012 321 1432 376 (111Ο1“.·1).Ξ).61Ὀ);
1479 325 1587 365 πίνω
1632 326 1728 372 ἀπό,
1773 338 1886 378 quae
1929 339 2034 368 con-

371 390 550 432 structio
585 391 665 432 hoc
698 391 790 432 loco
823 392 1066 444 requiritur,
1100 405 1187 433 nou
1226 396 1290 434 est
1329 393 1407 434 nisi
1440 407 1508 446 ap.
1552 394 1693 445 Hom„
1726 395 1812 437 Luc
1832 428 1841 445 ,
1874 396 2034 440 Athen.

512 475 760 527 ὑποτιμάω
800 473 926 526 (XIV,
969 475 1027 526 4).
1094 475 1174 527 Ap.
1216 475 1334 516 Alex.
1370 475 1543 525 (Athen.
1580 477 1644 527 VI,
1678 490 1718 529 p.
1752 478 1853 528 3226,
1883 478 1955 532 B2)
1978 497 2034 513 =

372 544 601 585 aestimare
636 544 700 585 vel
743 544 944 594 iudicare,
987 545 1138 587 eadem
1168 547 1286 587 notio
1320 549 1384 588 est
1422 559 1491 600 ap.
1533 548 1660 590 Arist.
1701 547 1811 603 [oeC.
1855 550 1896 600 2,
1923 551 1966 600 5,
1990 561 2032 602 p.

376 615 485 656 1:547
520 629 559 664 a,
588 615 657 665 22,
692 616 765 664 353
800 628 842 668 p.
879 616 1005 667 1353,
1038 630 1077 667 a,
1115 616 1201 671 12).
1264 618 1356 660 Hoc
1382 618 1475 660 loco
1507 638 1561 652 =
1585 620 1883 672 ἀντιτιμᾶσθαι,
1916 619 2034 663 litem

370 685 451 727 Sibi
484 686 716 728 aestimare
758 686 845 740 (τῆς
884 688 926 727 ἐν
964 690 1198 741 πρυτανείῳ
1236 690 1434 742 σιτήσεως
1475 691 1740 743 ὑποτιμῶμαι
1778 693 1927 745 ταύτην
1963 692 2036 747 τὴν

373 756 526 810 (δίκην).
588 756 782 798 Primum
816 759 881 799 est
913 758 955 798 in
989 758 1179 800 Socratis
1212 759 1423 812 apologia,
1457 773 1569 813 quae
1603 761 1903 813 Xenophontis
1942 775 2036 805 esse
2075 813 2078 818 .

372 827 526 869 dicitur
559 827 664 882 (23),
710 841 796 881 quo
834 841 887 869 ex
919 828 1026 870 libro
1071 830 1254 883 scriptor
1293 830 1364 872 illa
1397 831 1527 873 verba
1565 832 1734 884 petivit:
1776 833 1931 875 deinde
1963 846 2034 887 ap,

372 898 476 941 Poll.
527 898 584 952 (8,
622 898 710 953 63).
783 892 1129 942 Substantivum'
1161 902 1401 955 ὕποτίμησις
1453 902 1613 954 passim
1667 915 1735 955 ap.
1782 916 1904 954 rece„
1950 917 2034 946 non

372 983 442 1023 ap.
476 972 579 1012 vett.

514 1049 699 1101 ἀνίεμαι
738 1047 886 1100 (XIX),
920 1047 1065 1089 dicari.
1130 1048 1271 1089 Semel
1305 1062 1373 1101 ap.
1409 1049 1615 1091 Herodot.
1651 1049 1708 1103 (2,
1737 1050 1809 1102 65)
1843 1053 1886 1092 et
1924 1050 2034 1093 Plat.

373 1117 495 1170 (legg.
531 1119 570 1159 6.
604 1132 644 1170 p.
681 1119 756 1159 761
780 1119 844 1172 C),
867 1132 935 1171 ap.
958 1121 1110 1171 poetas
1144 1119 1294 1172 (Soph.
1324 1119 1391 1170 Ai,
1423 1121 1547 1171 1193,
1584 1121 1708 1173 1215„
1741 1122 1836 1163 Eur.
1871 1114 2034 1164 Phoen.

373 1190 477 1239 947;
511 1190 621 1233 Call.
656 1190 749 1232 Cer.
783 1190 872 1244 47).
935 1190 1076 1244 Saepe
1108 1204 1175 1244 ap.
1211 1191 1322 1234 Plut.
1359 1194 1401 1233 et
1432 1192 1538 1233 alios
1570 1205 1676 1235 rece.
1740 1193 1832 1235 Hoc
1857 1193 1951 1235 loco
1977 1193 2036 1236 le—

372 1261 515 1312 gimus
548 1262 697 1301 (ἷινεῑται
732 1263 755 1301 ὁ
789 1265 930 1314 χῶρος
969 1262 1079 1314 ἱερὸς
1123 1262 1237 1304 εἶναι.
1301 1262 1500 1304 Fortasse
1545 1263 1739 1316 emptor,
1791 1277 1888 1306 cum
1933 1264 2036 1318 quid

374 1332 545 1383 locutio,
586 1346 715 1385 quam
757 1333 981 1375 invenerat
1018 1333 1060 1374 in
1103 1336 1296 1375 veterum
1343 1334 1472 1384 libris,
1514 1334 1786 1386 significaret,
1830 1349 1917 1377 non
1949 1336 2035 1379 iam

372 1403 649 1455 intellegeret,
682 1407 802 1446 ratus
832 1405 1007 1446 verbum
1043 1404 1152 1446 idem
1177 1418 1269 1447 esse
1292 1407 1429 1458 atquev
1444 1406 1692 1458 permittere
1718 1406 2032 1459 sacerdotibus,

373 1475 631 1517 infinitivum
665 1476 832 1518 adiecit.

515 1552 819 1607 ἀδικήσονται
851 1553 980 1607 (XXI,
1014 1552 1072 1606 5²2).
1137 1554 1344 1595 Futurum
1387 1554 1590 1605 medium,
1629 1554 1745 1608 quod
1792 1568 1891 1598 vere
1924 1555 2036 1597 Atti·
2080 1590 2084 1594 .
2167 1572 2173 1573 ’

373 1637 469 1666 cuni
508 1637 602 1666 esse
634 1625 871 1677 putabatur
888 1626 933 1677 1),
961 1637 1091 1677 saepe
1118 1625 1359 1667 adhibitum
1393 1628 1457 1666 est
1489 1639 1514 1667 a
1534 1639 1641 1667 recc.
1669 1639 1747 1679 pro
1773 1626 1911 1668 forma
1938 1639 2037 1679 pas-

373 1696 478 1744 siva,
513 1708 778 1748 quamquam
814 1709 839 1737 a
872 1697 974 1737 vett.
1009 1708 1108 1737 raro
1142 1696 1347 1748 scriptum
1381 1699 1459 1737 est.
1505 1695 1660 1750 [Thuc.
1695 1697 1777 1738 bis:
1814 1697 1862 1747 V,
1895 1697 1965 1748 56,
1987 1697 2034 1758 23

378 1767 442 1817 Vl,
478 1768 546 1816 87,
580 1767 625 1815 [ις
662 1767 759 1808 Eur.
793 1766 883 1819 Iph.
919 1766 968 1808 A.
1016 1767 1145 1816 1436;
1186 1766 1293 1809 Xen.
1339 1767 1436 1820 Kyr.
1471 1769 1510 1818 3,
1550 1768 1614 1818 12,
1654 1769 1722 1817 18;
1763 1767 1871 1810 Plat.
1906 1769 2033 1820 Gorg.

373 1851 414 1891 p.
449 1837 619 1891 5091)).

515 1914 770 1969 ἀμαθαίνω
804 1915 973 1969 (XXIV,
1000 1916 1053 1969 1).
1089 1916 1130 1956 in
1164 1916 1405 1968 ignorantia
1425 1928 1584 1958 versor.
1649 1915 1730 1968 Ap.
1757 1915 1866 1958 Plat.
1894 1915 2034 1957 solum

375 1988 416 2027 et
455 1999 563 2028 recc.
598 1985 740 2041 [Phil.,
774 1986 998 2037 Themist.,
1032 1986 1203 2036 Plotin.,
1237 1986 1426 2036 Aristid.,
1461 1986 1581 2038 Poll.,
1614 1985 1704 2041 al.].

517 2062 818 2104 ἀπαντᾶσθαι
863 2063 1034 2118 (ΧΧΙΧ,
1067 2063 1120 2118 1).
1173 2063 1273 2118 [οὐκ
1314 2063 1358 2104 εὗ
1391 2080 1455 2104 σοι
1494 2065 1756 2104 ἀπαντᾶσθαι
1795 2064 1909 2116 παρὰ
1951 2067 2035 2104 τῶν

375 2133 651 2189 ἐπισκόπων]
705 2135 849 2176 Genus
870 2135 1056 2177 activum
1079 2154 1133 2168 =
1156 2136 1414 2186 contingere,
1443 2136 1611 2176 evenire
1634 2135 1909 2176 coniunctum
1938 2147 2032 2176 cum

375 2211 567 2252 subiecto
603 2212 661 2251 rei
695 2225 871 2264 perraro
917 2225 984 2264 ap.
1033 2214 1132 2253 vett.
1180 2210 1274 2266 [Ar.
1322 2212 1417 2264 Lys.
1459 2211 1563 2260 420;
1604 2213 1708 2260 940;
1755 2211 1875 2253 Bion.
1912 2211 1951 2261 4,
1987 2211 2030 2260 7;

376 2282 483 2323 Plat.
518 2282 701 2324 Phaedr.
736 2296 776 2334 p.
820 2284 891 2323 101
915 2282 984 2335 Α),
1019 2282 1168 2323 crebro
1201 2295 1270 2334 ap.
1305 2295 1413 2323 rece.
1441 2281 1617 2323 Passivo
1650 2281 1757 2323 haec
1788 2281 1907 2322 notio
1933 2281 2034 2322 sub-

376 2353 485 2394 iecta
519 2355 582 2393 est
615 2365 700 2393 non
734 2355 835 2395 ante
867 2352 1014 2406 Polyb.
1050 2355 1091 2394 et
1123 2355 1288 2394 ceteros
1320 2365 1427 2394 recc.

361 2420 363 2423 ’
516 2431 834 2470 κατασιωηάω
869 2428 1019 2482 (ΧΧΧ,
1041 2428 1099 2482 3).
1151 2428 1339 2469 Verbum
1367 2427 1638 2469 transitivum
1668 2430 1878 2479 usurpant
1904 2427 2035 2468 Isocr.

375 2501 491 2542 solus
524 2500 653 2553 idque
685 2500 817 2542 semel
851 2499 937 2554 (IV,
965 2499 1038 2553 27)
1072 2501 1113 2541 et
1144 2513 1269 2550 rece,
1302 2502 1350 2541 ut
1381 2499 1504 2541 Diod.
1540 2501 1581 2539 et
1612 2498 1722 2540 Plut.

516 2576 717 2632 μυθεύω
763 2576 914 2630 (ΧΧΧ,
948 2576 1005 2630 9),
1051 2589 1180 2618 narro
1222 2596 1276 2610 ’Ξ
1320 2577 1546 2629 μυθέομαι.
1608 2575 1706 2617 Eur.
1753 2574 1862 2629 (tris)
1903 2574 2034 2617 Arist.

362 2634 547 2702 (semel)
582 2651 621 2689 et
655 2662 761 2689 recc.
796 2646 960 2702 [strab.
1001 2649 1036 2698 1,
1057 2662 1097 2700 p.
1126 2649 1196 2698 43,
1229 2647 1329 2689 Luc.
1365 2646 1502 2700 (Halo.
1542 2647 1580 2695 1;
1615 2645 1802 2699 Philops.
1835 2644 1916 2700 1)].

517 2729 706 2781 γίνομαι
740 2725 804 2775 (V,
833 2726 877 2773 (ἒς
911 2724 975 2775 VI,
1005 2726 1051 2773 3;
1089 2725 1155 2774 lO;
1190 2724 1298 2774 XIV,
1327 2727 1370 2773 63
1401 2726 1445 2772 8;
1479 2723 1569 2773 XV,
1603 2724 1642 2771 13
1677 2722 1809 2773 XXX,
1842 2723 1889 2772 43
1913 2723 1956 2771 ὃς
1989 2723 2035 2770 7;

377 2797 510 2847 XXX,
540 2798 576 2845 l;
612 2798 656 2846 Q
685 2797 861 2845 XXXIl;
896 2795 1054 2836 XXXV
1077 2795 1220 2849 (bis)).
1266 2795 1310 2836 Si
1331 2794 1550 2836 codicibus
1577 2793 1793 2836 confidere
1813 2794 2049 2854 debemus:

377 2869 484 2910 haec
518 2868 655 2908 forma
689 2867 791 2907 1111111
833 2866 961 2917 digna
995 2879 1087 2907 esse
1122 2866 1303 2913 videtur,
1343 2878 1454 2918 quae
1494 2866 1868 2906 commemoretur.
1923 2864 2033 2906 Nam

378 2953 403 2981 a
442 2939 610 2980 dicendi
645 2950 799 2991 genere
838 2940 1031 2978 veterum
1072 2937 1314 2978 Atticorum
1352 2935 1570 2986 abhorret,
1609 2935 1650 2976 id
1684 2935 1800 2988 quod
1841 2935 1943 2988 ipsis
1981 2947 2033 2976 ex

521 3077 544 3118 ¹)
573 3079 734 3119 Schmid,
756 3079 784 3120 Ι,
812 3089 845 3119 p.
869 3081 952 3119 239;
984 3080 1044 3120 IV,
1065 3089 1099 3119 p.
1124 3082 1177 3119 75,
1200 3081 1277 3110 617.
1328 3079 1371 3110 cf.
1393 3078 1559 3118 Dindorf,
1587 3079 1701 3118 praef.
1723 3078 1769 3110 ad
1791 3078 1895 3110 Diod.
1922 3087 1957 3118 p.
1980 3079 2034 3109 14.
