2254 3496
999 175 1050 214 29

333 284 530 340 Epistula
582 286 787 328 vicesima
843 286 983 340 prima
1035 286 1281 340 Xenophon
1337 285 1638 340 Xanthippem
1697 298 1875 328 uxorem

191 357 399 408 Socratis,
433 358 698 400 consolatur.
765 358 860 399 Τῶν
901 359 947 400 δὲ
984 359 1154 399 πολλῶν
1193 375 1257 400 σοι
1297 359 1500 411 δακρύων
1541 359 1640 404 ἅλις.
1705 358 1877 411 Scripta

190 429 321 484 igitur
353 431 468 472 esset
501 443 588 472 non
623 431 759 472 multo
787 433 886 484 post
908 434 1092 472 mortem
1122 430 1384 484 philosophi,
1418 430 1451 471 si
1480 433 1595 472 esset
1630 444 1744 472 vera.
1790 430 1877 472 Sed

191 503 286 544 tum
318 501 566 555 Xenophon
609 502 649 543 in
686 502 786 545 Asia
833 515 919 544 non
955 503 1155 555 Megarae
1197 505 1303 545 erat.
1367 501 1509 553 Quam
1553 505 1600 544 ut
1644 502 1876 556 epistulam

193 576 491 628 componeret,
537 574 724 628 scriptor
767 574 984 616 adductus
1028 577 1093 616 est
1145 587 1196 616 ea
1240 588 1300 625 re,
1346 574 1464 627 quod
1503 574 1668 616 sciebat
1711 577 1879 617 ceteros

190 645 424 700 discipulos
457 646 667 699 magistro
694 649 868 688 mortuo
896 647 1116 699 Megaram
1149 647 1204 688 ad
1235 646 1454 688 Euclidem
1489 647 1648 700 fugisse
1675 649 1717 688 et
1743 647 1876 700 quod,

191 731 289 760 cum
322 717 581 761 adhortetur
612 718 909 772 Xanthippen,
949 721 997 760 ut
1036 732 1196 772 pueros
1229 719 1446 772 Megaram
1489 719 1549 760 ire
1583 719 1757 771 sineret,
1792 719 1876 761 Eu-

189 789 345 833 clidem
388 790 530 844 ipsum
574 804 706 845 saepe
754 793 885 833 noctu
933 791 987 833 ad
1030 791 1257 833 Socratem
1308 791 1475 834 venisse
1514 804 1594 833 nos
1639 791 1877 834 admonere

188 851 378 905 v0lebat.
442 863 490 904 In
529 865 724 905 extrema
763 865 887 916 parte
927 863 1234 917 Apollodorus,
1279 863 1344 905 cui
1378 877 1405 905 a
1438 863 1621 906 Platone
1655 863 1874 918 (Sympos.

195 934 277 977 173
294 933 348 989 D)
381 947 623 986 cognomen
652 935 830 987 μανικός
857 935 1008 977 datum
1039 938 1117 986 est,
1144 935 1392 989 appellatur
1417 936 1622 988 ,ιιαλακόᾳ
1688 936 1876 978 Allatius

189 1006 362 1061 scripsit
393 1009 567 1049 secutus
600 1007 826 1049 Platonem
861 1008 1054 1059 ,ιιανικόςπ
1118 1009 1212 1050 Mea
1247 1010 1391 1065 autem
1426 1008 1644 1051 sententia
1677 1008 1875 1062 scriptor,

189 1091 288 1121 cum
330 1077 433 1120 illud
477 1078 739 1121 adiectivum
784 1092 870 1120 non
914 1079 1194 1131 intellegeret,
1236 1092 1283 1121 re
1324 1092 1427 1121 vera
1468 1080 1662 1132 μαλακόν
1695 1080 1875 1133 Apollo-

189 1149 345 1191 dorum
379 1149 580 1193 nominat
596 1149 643 1204 1).

332 1221 380 1264 In
407 1221 592 1276 epistula
622 1222 865 1275 insequenti
894 1222 948 1263 ad
977 1222 1184 1265 Cebetem
1212 1225 1254 1265 et
1281 1222 1511 1266 Simmiam
1540 1223 1701 1277 scripta
1729 1223 1875 1266 Xeno-

189 1292 309 1346 phon
341 1292 444 1336 dicit
477 1293 823 1336 memorabilium
858 1293 962 1335 nihil
992 1297 1083 1335 tam
1111 1294 1350 1347 perfectum
1385 1308 1492 1345 esse,
1529 1298 1573 1336 ut
1601 1295 1694 1336 aliis
1731 1295 1875 1347 legen-

189 1364 294 1407 dum
328 1364 434 1408 dare
466 1364 616 1418 possit.
681 1365 908 1407 Platonem
943 1378 1046 1408 vero
1080 1365 1166 1407 iam
1195 1368 1288 1407 tota
1316 1366 1459 1408 Sicilia
1495 1370 1537 1409 et
1563 1367 1688 1409 Italia
1722 1369 1874 1408 notum

189 1437 233 1477 et
264 1436 428 1478 clarum
462 1449 570 1479 esse,
637 1436 694 1478 At
724 1437 867 1490 prima
895 1449 996 1490 pars
1024 1437 1371 1479 memorabilium
1407 1451 1523 1479 anno
1552 1439 1639 1479 :390
1672 1439 1875 1480 confecta

190 1510 284 1550 erat
316 1509 361 1550 et
392 1507 518 1551 Plato
552 1508 741 1562 primum
775 1522 891 1550 anno
926 1510 1011 1551 388
1047 1509 1086 1550 in
1121 1509 1312 1552 Siciliam
1346 1509 1477 1552 venit.
1543 1510 1747 1552 Ceterum
1788 1524 1873 1552 non

191 1580 258 1620 est
289 1579 522 1622 verisimile
553 1579 890 1633 Xenophontem
925 1580 1043 1622 illum
1069 1580 1225 1622 librum
1254 1581 1417 1622 Thebis
1450 1582 1749 1635 composuisse
1767 1583 1812 1636 ²).

331 1650 392 1693 Ex
420 1651 626 1694 vicesima
652 1652 845 1694 secunda
872 1653 1187 1704 cognoscimus,
1216 1666 1302 1706 quo
1332 1653 1463 1695 modo
1493 1653 1729 1696 Aeschines
1756 1667 1873 1696 com-

190 1721 424 1766 mendatus
451 1723 504 1764 sit
531 1722 751 1777 Dionysio.
805 1723 1034 1765 Platonem
1064 1724 1273 1778 Aristippi
1295 1724 1513 1767 inimicum
1543 1738 1651 1767 esse.
1695 1726 1874 1768 Aeschi-

189 1806 289 1836 nem
333 1796 521 1849 tyranno
574 1808 710 1837 unum
763 1809 814 1838 ex
865 1796 1047 1848 dialogis
1088 1797 1362 1850 praelegisse.
1426 1797 1523 1848 Qua
1567 1811 1613 1839 re
1646 1797 1764 1839 illum
1799 1798 1874 1839 do-

186 1865 395 1909 lectatum
429 1865 688 1909 Aeschinem
724 1867 931 1918 oravisse,
966 1869 1014 1909 ut
1040 1867 1119 1909 sibi
1148 1867 1256 1910 alios
1284 1868 1479 1920 dialogos
1508 1869 1714 1911 mitteret.
1763 1869 1872 1911 Cum

189 1935 232 1978 in
274 1937 392 1979 libris
424 1937 627 1991 Diogenis
661 1938 818 1980 Laertii
861 1939 1018 1980 similia
1062 1939 1335 1982 inveniamus
1353 1941 1400 1994 3),
1443 1940 1598 1982 ambos
1631 1955 1681 1982 ex
1717 1941 1871 1982 eodem

189 2008 308 2051 fonte
339 2008 536 2051 hausisse
568 2022 739 2052 cense0.
1044 2002 1045 2005 ¹

332 2079 395 2122 De
434 2080 620 2134 epistula
653 2081 859 2124 vicesima
901 2084 1058 2135 quarta
1092 2082 1272 2137 Bentley
1315 2083 1402 2125 iam
1447 2083 1554 2126 satis
1593 2083 1731 2126 multa.
1772 2097 1873 2137 pro-

188 2152 286 2194 tulit
316 2154 360 2194 et
377 2153 480 2205 duo,
501 2166 616 2207 quae
636 2154 888 2205 succedunt,
918 2154 1022 2195 nihil
1051 2155 1275 2197 continent
1295 2155 1488 2207 dignum,
1517 2156 1571 2198 de
1592 2169 1679 2209 quo
1701 2160 1870 2208 agatur.

331 2224 520 2267 Litterae
553 2225 868 2279 subsequentes
907 2226 1145 2268 ostendunt
1178 2226 1426 2269 Phaedrum
1468 2227 1638 2269 Socrati
1683 2228 1872 2270 maxime

188 2294 384 2338 deditum
418 2296 548 2338 fuisse
582 2299 624 2339 et
650 2310 740 2338 una
766 2310 864 2338 cum
892 2297 1020 2352 Lysia
1054 2301 1095 2340 et
1123 2297 1360 2349 Alcibiade,
1394 2299 1469 2352 qui
1495 2299 1575 2340 sibi
1603 2299 1871 2351 invidissent,

188 2367 230 2410 in
263 2367 403 2423 Lyceo
436 2371 480 2411 et
512 2368 553 2410 in
589 2369 829 2412 Academia
863 2369 1007 2411 fuisse.
1071 2369 1222 2424 Lysias
1255 2373 1385 2412 natus
1424 2371 1536 2414 circa
1571 2384 1734 2413 annum
1770 2372 1871 2422 445,

186 2442 421 2494 postquam
472 2453 581 2494 puer
624 2440 812 2483 sedecim
858 2454 1072 2483 annorum
1120 2441 1308 2483 Thurios
1362 2442 1577 2494 migravit,
1629 2455 1745 2484 anno
1784 2444 1871 2485 4192

187 2510 386 2554 Athenas
418 2512 608 2554 revertit.
673 2513 759 2554 Sed
799 2513 1045 2555 Alcibiades
1084 2514 1268 2556 fortasse
1300 2517 1399 2567 post
1438 2528 1601 2557 annum
1643 2516 1729 2556 429
1773 2529 1869 2558 cum

187 2582 370 2627 Socrate
402 2597 489 2626 non
524 2584 609 2626 iam
645 2587 739 2627 erat
756 2584 803 2638 4),
844 2585 962 2638 quod
997 2585 1160 2627 Pericle
1199 2588 1374 2627 mortuo
1416 2585 1457 2627 in
1491 2599 1536 2628 re
1568 2586 1742 2639 publica
1777 2600 1871 2629 ver-

188 2654 371 2699 sabatur
386 2656 433 2710 5).
498 2656 573 2699 Ille
604 2670 720 2700 anno
753 2657 840 2698 415
882 2657 923 2698 in
965 2657 1155 2700 Siciliam
1194 2658 1428 2711 profectus,
1467 2671 1564 2700 cum
1608 2659 1740 2712 paulo
1773 2662 1871 2712 post

187 2729 419 2770 revocatus
463 2730 590 2779 esset,
636 2727 811 2770 Thuriis
866 2742 888 2770 e
939 2741 1050 2771 nave
1103 2729 1249 2782 effugit
1295 2732 1338 2771 et
1382 2743 1497 2771 anno
1539 2731 1626 2771 408
1673 2730 1870 2773 Athenas

334 2853 359 2894 ¹)
386 2855 681 2889 Christ-Schmid
696 2853 722 2897 5,
750 2865 784 2896 p.
805 2857 884 2888 482.
1034 2854 1059 2897 ί·’)
1090 2857 1474 2898 Bentley(-Ribbeck),
1502 2867 1536 2898 p.
1559 2859 1638 2889 549.

332 2911 358 2954 ³)
386 2915 550 2957 Diog.-L.
579 2916 649 2957 III,
671 2917 734 2948 36:
771 2913 842 2959 εἶχε
878 2914 916 2949 δὲ
951 2915 1157 2959 φιλέχθρως
1192 2916 1211 2948 ὁ
1246 2915 1400 2950 Πλάτων
1434 2915 1494 2949 καὶ
1526 2914 1613 2958 πρὸς
1642 2915 1869 2959 Ἀρίστιππον.

189 2973 239 3016 II,
261 2975 324 3007 61:
352 2973 460 3018 φασὶν
485 2974 519 3008 δ’
543 2973 649 3009 αὐτὸν
675 2974 723 3008 δι’
753 2974 903 3018 ἀπορίαν
922 2975 1038 3009 ἐλθεῖν
1055 2975 1103 3012 εἷς
1123 2975 1289 3009 Σικελίαν
1313 2975 1401 3019 πρὸς
1421 2976 1606 3010 Διονύσιον
1631 2976 1692 3010 καὶ
1713 3002 1722 3011 .
1745 3003 1751 3011 .
1772 3005 1780 3014 ‚
1801 2975 1870 3010 ὑπὸ

188 3033 222 3068 δ’
247 3033 468 3077 Ἀριστίππου
495 3039 673 3079 συστῆναι.
724 3035 836 3068 Δόντα
863 3034 903 3068 ὁέ
928 3048 1021 3072 τινας
1048 3038 1118 3068 τῶν
1144 3035 1317 3079 διαλόγων
1343 3036 1443 3079 δῶρα
1469 3035 1596 3079 λαβεῖν.

330 3094 358 3135 ⁴)
386 3095 505 3127 Zeller
531 3095 580 3136 ΙΙ,
605 3095 656 3136 1⁴,
683 3105 717 3136 p.
743 3097 807 3127 198
836 3096 921 3127 adn.
1069 3094 1096 3135 ·”’)
1125 3096 1272 3137 Τῦρῖοι·,
1300 3096 1480 3128 Paul.-W.
1511 3096 1539 3136 Ι,
1562 3098 1592 3135 2,
1622 3105 1656 3136 p.
1680 3098 1758 3131 517.
