2254 3496
1221 258 1270 294 (ili

445 389 538 446 ΙΙΙ.
580 389 870 458 Epistulas
909 358 1302 445 Atticistarum
1340 387 1682 458 temporibus
1723 390 2068 460 conscriptas
2130 406 2133 408 ·

953 487 1079 527 esse
1119 471 1543 528 demonstratur.

823 579 870 626 a)
903 576 976 619 De
1007 576 1261 619 sermonis
1296 578 1673 620 consuetudine.

563 658 787 708 Quoniam
823 658 1109 721 intelleximus
1135 658 1342 712 epistulas
1373 672 1459 701 non
1488 660 1678 702 Socratis
1705 664 1745 703 et
1767 661 2084 704 Socraticorum

421 732 568 771 aetate
601 742 742 783 neque
761 730 892 783 paulo
919 733 1017 783 post
1038 731 1302 783 compositas
1323 744 1429 781 esse,
1452 744 1565 773 nunc
1592 733 1819 774 ostendam
1841 733 2085 787 scriptores,

425 814 521 842 cum
566 801 762 842 consulto
801 805 1054 842 sermonem
1083 802 1302 853 vulgarem
1348 802 1467 855 sequi
1512 803 1740 853 noluerint,
1785 803 1861 845 sed
1906 817 2083 857 operam

423 871 634 919 dederint,
680 874 727 912 ut
768 872 1123 914 consuetudinem
1174 872 1363 924 priorum
1417 875 1662 926 temporum
1712 874 1997 925 imitarentur,
2042 874 2085 917 in

421 955 607 983 numero
653 942 967 993 Atticistarum,
1010 943 1082 996 qui
1131 945 1355 992 vocantur,
1397 943 1621 985 habendos
1665 958 1770 987 esse.
1833 945 1880 986 Id
1925 948 2086 998 autem,

423 1013 538 1066 quod
573 1013 801 1063 voluerint,
830 1016 1030 1055 auctores
1063 1027 1146 1055 non
1176 1016 1430 1055 consecutos
1463 1028 1556 1055 esse
1583 1015 1737 1056 mirum
1761 1028 1844 1057 non
1873 1018 1952 1066 est,
1982 1029 2083 1058 nam

424 1084 584 1125 nemini
618 1097 765 1126 eorum
801 1097 851 1125 ac
885 1098 938 1126 ne
978 1084 1306 1136 elegantissimis
1342 1085 1514 1138 quidem
1559 1085 1749 1136 contigit,
1782 1089 1829 1127 ut
1861 1099 1906 1128 se
1939 1100 1963 1129 a
1997 1099 2085 1128 ser·

425 1168 551 1196 mone
585 1156 803 1197 communi
836 1155 1085 1209 expedirent
1106 1156 1148 1208 ¹).

567 1227 630 1268 Ac
662 1227 847 1280 primum
883 1240 1009 1279 agam

1068 1304 1097 1342 1.
1126 1302 1182 1342 De
1211 1303 1439 1353 particulis.

568 1381 870 1434 Temporibus,
920 1394 1032 1433 quae
1077 1381 1309 1422 Alexandri
1362 1381 1500 1432 Magni
1547 1384 1733 1423 aetatem
1779 1382 2087 1435 sequebantur,

424 1452 656 1505 scriptores
699 1452 926 1494 cuiuslibet
974 1451 1140 1503 generis
1194 1451 1432 1494 litterarum
1485 1452 1622 1504 magis
1657 1453 1880 1506 magisque
1917 1466 1944 1495 a
1983 1466 2086 1495 con-

425 1523 655 1566 suetudine
688 1526 882 1565 veterum
917 1523 1159 1564 Atticorum
1195 1526 1464 1565 recesserunt
1498 1526 1539 1565 et
1566 1524 1696 1565 libros
1727 1537 1828 1566 suos
1860 1524 1921 1566 ita
1951 1524 2085 1580 scrip·

424 1597 587 1645 serunt,
629 1598 677 1636 ut
718 1595 949 1648 Dionysius
990 1594 1433 1648 Haliea1·nassensis2)
1478 1595 1531 1635 de
1579 1595 1794 1636 nonnullis
1835 1595 2085 1647 eorum‚'in

426 1666 583 1719 quibus
615 1669 715 1707 sunt
750 1666 886 1716 Duris,
908 1666 1187 1720 PhylarchuS,
1210 1666 1427 1719 Polybius,
1449 1666 1565 1708 dicat
1597 1666 1727 1708 libros
1759 1666 1927 1708 illorum
1948 1679 2087 1721 usque

425 1737 479 1778 ad
514 1737 642 1778 finem
678 1737 757 1788 legi
792 1750 876 1778 non
911 1749 1050 1789 posse.
1096 1736 1414 1778 Wilamowitzii
1449 1737 1650 1778 iudicium
1685 1737 1737 1778 de
1770 1737 1850 1778 illis
1881 1740 1946 1779 est
1979 1737 2084 1781 hoc:

426 1808 708 1849 Periodorum
731 1807 999 1861 labyrinthos
1020 1810 1258 1856 exstruunt,
1293 1821 1315 1848 e
1337 1808 1492 1860 quibus
1513 1821 1567 1849 ne
1598 1807 1677 1861 ipsi
1712 1807 1886 1861 quidem
1913 1808 2088 1851 feliciter

425 1891 471 1919 se
513 1878 796 1932 exsolvuntss).
863 1879 918 1918 At
945 1878 1206 1931 quicumque
1238 1878 1316 1920 has
1360 1878 1566 1931 epistulas
1597 1878 1758 1929 legerit,
1792 1891 1877 1920 non
1911 1879 2087 1930 negabit

428 1949 611 2002 scriptas
654 1962 748 1989 esse
789 1948 1008 2000 eleganter
1048 1951 1179 2001 atque
1212 1949 1449 2001 perspicue.
1524 1949 1669 2002 Longa
1707 1948 1820 1990 enim
1860 1949 2086 1992 enuntiata

430 2022 562 2073 atque
594 2019 866 2073 hypotactice
899 2020 1044 2061 iuncta
1077 2020 1253 2060 omnino
1287 2020 1372 2061 fere
1404 2033 1489 2060 non
1518 2019 1707 2062 invenies
1739 2022 1827 2070 aut,
1859 2020 2088 2074 perpaucis

433 2091 622 2144 exceptis
662 2093 786 2132 tanta
826 2090 1133 2143 perspicuitate
1173 2093 1273 2132 sunt
1315 2093 1361 2132 ut
1401 2103 1487 2132 non
1529 2090 1812 2133 offendamus.
1885 2091 2088 2143 Singulae

427 2162 607 2216 phrases
646 2165 694 2204 ut
731 2162 993 2216 paratactice
1039 2163 1367 2214 coniungantur,
1406 2175 1616 2215 persaepe
1657 2162 1896 2216 particulae
1938 2162 2087 2216 μὲν-δὲ

428 2234 493 2275 vel
531 2235 575 2275 δὲ
608 2234 673 2275 vel
707 2234 785 2286 γὰρ
818 2236 1095 2286 usurpantur.
1159 2233 1282 2275 Nunc
1315 2234 1506 2276 tabulam
1542 2233 1847 2286 particularum
1876 2245 2086 2287 propono,

431 2319 480 2346 ex
515 2318 600 2358 qua
634 2305 786 2355 elucet,
819 2317 928 2358 quas
960 2305 1195 2358 particulas
1226 2305 1457 2357 scriptores
1488 2308 1531 2346 et
1568 2304 1767 2357 quotiens
1799 2304 2087 2347 adhibuerint.

880 2388 1030 2429 mitet
1062 2387 1299 2429 xatzetiam
1334 2387 1467 2428 τὲ-καὶ
1498 2387 1646 2438 μὲν-δὲ
1677 2387 1756 2439 μὲν
1799 2387 1844 2427 δὲ
1900 2386 1980 2440 γὰρ
2011 2385 2087 2428 οὗν

587 2459 604 2500 I
638 2458 988 2513 (136versus)53·.>
1151 2459 1208 2500 20
1381 2459 1406 2499 2
1532 2458 1583 2498 15
1706 2457 1731 2498 2
1795 2458 1850 2499 20
1916 2458 1967 2498 16
2029 2459 2055 2499 5

569 2530 605 2570 II
638 2529 700 2584 (7)
962 2531 977 2570 1
1186 2531 1198 2570 1
1390 2530 1398 2569 l
1563 2529 1577 2569 1
1679 2553 1730 2558 —
1827 2529 1844 2569 1
1918 2524 1965 2558 -’-
2034 2529 2052 2569 1

553 2601 607 2642 III
641 2601 700 2653 (9)
929 2625 981 2629 -—
1186 2601 1204 2641 1
1386 2599 1404 2640 1
1559 2599 1584 2640 2
1680 2624 1729 2628 ——
1798 2625 1848 2630 —
1945 2599 1963 2640 1
2002 2623 2055 2630 -

551 2672 607 2713 IV
639 2671 701 2726 (9)
957 2672 982 2713 2
1181 2672 1204 2711 3
1354 2695 1402 2700 —
1558 2671 1583 2711 2
1677 2695 1728 2699 —
1827 2670 1844 2711 1
1912 2695 1966 2700 —
2032 2670 2050 2711 1

574 2742 609 2783 V
643 2742 735 2797 (21)
937 2768 987 2773 -—
1159 2767 1212 2771 —
1387 2742 1413 2783 2
1564 2742 1591 2782 2
1716 2742 1732 2782 1
1829 2741 1855 2782 2
1942 2741 1967 2782 3
2029 2740 2056 2783 2

549 2813 604 2854 VI
637 2813 757 2868 (134)
927 2813 983 2854 20
1156 2814 1198 2853 11
1380 2813 1408 2854 4
1532 2813 1584 2853 18
1705 2813 1731 2853 5
1798 2812 1850 2853 14
1941 2812 1967 2853 5
2030 2812 2054 2854 7

530 2884 605 2926 VII
639 2883 730 2938 (62)
932 2885 982 2926 17
1183 2885 1206 2925 7
1386 2885 1403 2924 1
1559 2884 1585 2923 6
1710 2883 1727 2923 1.
1825 2883 1848 2924 7
1942 2883 1969 2924 6
2029 2881 2056 2924 2

574 3022 598 3063 ¹)
624 3024 783 3064 Norden,
811 3023 1050 3063 Kunstprosa,
1077 3032 1111 3062 p.
1133 3023 1211 3054 485.
1265 3023 1377 3063 Blass,
1405 3023 1493 3054 Acta
1520 3021 1683 3062 apostol„
1710 3031 1743 3061 p.
1766 3022 1808 3053 14
1823 3030 1849 3053 s.

572 3080 597 3122 ²)
625 3083 675 3114 De
700 3082 964 3122 compositione
990 3082 1091 3114 verb.
1114 3084 1144 3113 4.

575 3140 597 3181 ³)
627 3140 973 3174 Connnentariolum
1002 3149 1154 3180 gramm.
1184 3139 1253 3180 III,
1280 3139 1372 3171 Gott.
1398 3139 1466 3179 gel.
1495 3139 1580 3170 Anz.
1612 3140 1713 3180 1889,
1739 3147 1773 3178 p.
1797 3139 1849 3171 19.
