2254 3496
1131 248 1180 284 ‘24

391 354 497 396 VIII.
531 354 587 395 Εἰ
616 354 712 407 (ΧΙ;
747 355 860 406 XIII,
888 356 926 405 I;
973 356 1013 406 I;
1048 356 1143 397 XVI
1178 356 1257 411 bis)
1299 356 1397 413 [αῖ],
1435 361 1486 399 ἂν
1513 358 1603 413 (ΙΧ,
1635 360 1683 410 4;
1717 359 1829 411 XIII,
1861 359 1899 410 1;
1935 360 1982 409 23

536 425 649 479 XVI)
684 424 791 480 [κά],
824 425 899 466 οὖν
932 426 1059 480 (ΧΙΙΙ,
1093 427 1138 476 2;
1173 422 1289 481 XVI)
1320 426 1437 484 [dm]

431 495 502 537 IX.
537 495 762 548 Προσιὲναι
796 496 885 550 (ΙΧ,
918 496 964 550 4)
998 495 1151 552 [-μεν].

451 566 502 608 X.
539 567 757 619 Γεγονέναι
791 566 921 622 (XIII,
946 568 983 619 1;
1020 567 1135 621 XVI)
1171 567 1311 623 [-ειν].

432 637 500 680 XI.
532 637 591 678 Σὲ
606 637 734 691 (ΧΙΙΙ,
762 639 775 677 1
797 638 1040 692 quinquies)
1064 637 1157 694 [τὲ],
1178 640 1242 680 σοὶ
1263 639 1390 694 (ΧΙΙΙ,
1407 641 1431 682 2
1448 641 1527 693 bis)
1551 640 1661 697 [τὶν],
1688 646 1764 683 σοῦ
1788 641 1982 697 (X111‚2)

539 707 661 763 [τέος,
695 711 773 756 τέο,
800 710 929 760 τέους,
970 711 1075 758 τὲου,
1113 709 1212 764 alia]
1247 710 1296 752 σὺ
1331 711 1458 765 (ΧΙΙΙ,
1482 711 1525 767 Ξ)
1568 711 1668 767 [τὺ],
1711 713 1820 766 ὑμᾶς
1851 712 1984 768 (XVI)

539 777 671 834 [ὑμέ]

415 850 506 892 Xll.
540 850 718 903 Πράττει
751 850 879 905 (XIII,
906 852 946 899 'I;
982 852 1025 906 2)
1061 851 1287 908 [πράσσει]

394 921 503 962 ΧΙΙΙ.
540 921 638 962 Τότε
671 920 799 976 (XIII,
827 921 865 976 l)
899 921 1055 977 [τόκα],
1089 924 1333 977 ὁτῳδήποτε
1365 923 1496 979 (XVI)
1531 923 1686 980 [·οκα].

401 991 508 1034 XIV.
544 992 781 1047 Δεχόμενος
814 992 942 1047 (ΧΙΙΙ,
971 994 1014 1047 2)
1050 993 1206 1049 [den-J.

468 1063 581 1117 Apte
614 1064 795 1107 fortasse
815 1065 929 1107 addo
950 1066 1295 1108 coniunctionem
1330 1068 1390 1112 ὡς
1416 1067 1532 1121 apud
1554 1067 1782 1109 Dorienses
1810 1067 1987 1110 omnino

328 1134 414 1175 tere
446 1147 532 1176 non
566 1135 777 1188 usurpari.
842 1135 914 1177 Bis
946 1139 1011 1178 est
1042 1137 1158 1190 apud
1199 1136 1434 1179 Pindarum
1474 1139 1536 1191 et¹
1557 1137 1849 1192 Bachylidem‚
1888 1150 1986 1180 cum

328 1205 370 1246 in
404 1205 752 1259 inscriptionibus
784 1211 977 1249 veterum
1011 1211 1257 1262 temporum
1290 1208 1401 1251 desit
1419 1208 1463 1263 1);
1527 1209 1586 1250 At
1616 1209 1682 1251 his
1713 1209 1755 1251 in
1795 1208 1988 1263 epistulis

329 1277 557 1330 quinquies
587 1277 791 1330 legimus:
831 1279 892 1323 ὥς
925 1295 1009 1319 τινα
1044 1278 1196 1333 (ΙΧ,1),
1230 1281 1291 1325 ὡς
1321 1281 1467 1332 πρέπει
1500 1279 1575 1334 (2),
1608 1281 1680 1327 ὡς,
1712 1281 1750 1321 εἰ
1772 1278 1900 1334 (XIII,
1937 1280 1990 1331 1),

329 1347 466 1395 οἶσθα,
499 1349 560 1394 ὡς
594 1347 671 1403 (2),
704 1350 765 1395 ὡς
797 1351 948 1403 ἔχομεν
980 1349 1125 1405 (XVI).
1706 1355 1709 1363 '

473 1419 677 1462 Videmus
710 1421 836 1473 igitur
868 1421 1098 1474 scriptores
1132 1422 1362 1464 dialectum
1406 1422 1605 1463 Doricam
1640 1409 1790 1476 neque⁴
1820 1421 1991 1464 novisse

330 1504 469 1544 neque
504 1492 634 1534 fuisse
666 1492 863 1534 homines
885 1493 1036 1535 litteris
1057 1493 1248 1534 eruditos
1280 1496 1356 1535 aut
1381 1493 1434 1535 de
1455 1492 1665 1535 industria
1686 1493 1764 1535 has
1784 1492 1989 1546 epistulas

329 1563 575 1605 adulterare
611 1566 654 1605 et
686 1564 907 1618 Aristippo
940 1564 1200 1606 substituere
1234 1564 1431 1607 voluisse.

471 1635 609 1687 Agam
644 1648 757 1677 nunc
784 1635 837 1677 de
870 1635 918 1677 iis
952 1636 1157 1689 epistulis,
1193 1648 1306 1689 quae
1338 1636 1394 1678 ad
1427 1635 1758 1688 Xenophontem
1798 1636 1989 1677 referun-

330 1709 412 1748 tur.
475 1706 640 1757 Quarta
672 1706 839 1748 decima
872 1707 1333 1749 Aeschinesb'ocratis
1365 1706 1597 1760 discipulus
1627 1706 1878 1759 amicusque
1903 1705 1987 1747 Xe-

332 1778 542 1830 nophonti
584 1778 768 1829 nuntiat,
811 1792 922 1831 quae
963 1779 1130 1821 Socrati
1172 1779 1213 1820 in
1246 1778 1402 1820 iudicio
1436 1781 1478 1820 et
1509 1779 1594 1821 iam
1639 1778 1844 1820 morituro
1885 1789 1985 1819 con-

331 1849 539 1901 tigissent.
603 1850 647 1890 In
677 1849 820 1892 media
846 1850 1121 1903 paragrapho
1144 1850 1270 1892 tertia
1298 1850 1502 1902 scriptum
1531 1850 1726 1891 videmus
1747 1848 1989 1890 orationem

332 1921 373 1961 in
407 1920 562 1962 iudicio
595 1920 804 1962 adversus
836 1921 1059 1963 Socratem
1093 1921 1148 1963 ab
1176 1921 1317 1974 Anyto
1339 1920 1534 1963 habitam
1561 1933 1586 1962 a
1619 1919 1842 1974 Polycrate
1872 1919 1992 1972 logo·

332 1992 498 2045 grapho
537 1992 819 2045 compositam
861 2006 954 2034 esse
971 1992 1017 2046 ⁶2).
1082 1993 1218 2043 Quem
1262 2005 1449 2034 errorem
1492 1992 1680 2045 antiquis
1721 1989 1990 2044 temporibus

332 2064 459 2116 longe
490 2063 662 2116 lateque
694 2063 894 2105 diffusum
925 2064 1051 2105 fuisse
1078 2064 1187 2105 inter
1208 2076 1358 2105 omnes
1385 2064 1566 2105 constat.
1619 2062 1835 2114 Originem
1864 2061 1991 2103 huius

333 2135 546 2187 opinionis
584 2135 882 2176 deducendam
923 2148 1015 2176 esse
1056 2137 1162 2188 puto
1201 2148 1253 2176 ex
1285 2148 1334 2176 ea
1374 2147 1432 2184 re,
1471 2134 1587 2187 quod
1632 2134 1702 2175 illa
1734 2132 1992 2176 declamatio

334 2207 375 2247 in
417 2208 590 2259 postera
631 2206 803 2248 saecula
847 2209 1104 2248 conservata
1146 2209 1222 2247 est.
1293 2205 1405 2256 Quin
1446 2206 1536 2258 ipse
1575 2204 1835 2258 Hermippus
1873 2203 1989 2245 illam

334 2277 574 2320 orationem
615 2290 660 2318 re
701 2291 800 2319 vera
834 2278 876 2318 in
915 2277 1070 2319 iudicio
1111 2277 1301 2319 habitam
1345 2290 1437 2319 esse
1477 2275 1799 2326 existimaverit,
1834 2274 1871 2317 ei
1904 2288 1990 2316 non

334 2349 511 2390 dubium
546 2361 639 2390 esse
671 2350 828 2402 potest,
861 2348 934 2402 qui
966 2348 1114 2400 legerit
1145 2348 1263 2402 apud
1290 2348 1522 2400 Diogenem
1555 2347 1772 2390 Laertium
1801 2346 1866 2397 (II,
1895 2346 1988 2397 38):

335 2421 587 2473 Συνέγραψε
620 2421 665 2461 δὲ
697 2420 766 2461 τὸν
798 2421 923 2472 λόγον
956 2419 1235 2473 Πολυκράτης
1267 2420 1290 2460 ὁ
1323 2419 1532 2472 σοφιστὴς,
1564 2419 1626 2464 ὥς
1662 2434 1789 2471 φησιν
1819 2417 1991 2470 ‘'Epam-

334 2508 425 2539 πος,
458 2494 482 2544 ἢ
506 2493 677 2536 Ἄνυτος
708 2492 769 2536 ὥς
800 2507 914 2536 τινες.
977 2490 1071 2532 Hoc
1103 2491 1196 2532 loco
1233 2490 1441 2543 Diogenes
1474 2489 1557 2532 iam
1593 2488 1763 2531 dubitat
1801 2488 1855 2530 de
1890 2500 1992 2529 auc-

338 2565 428 2604 tore
461 2561 571 2603 illius
604 2562 811 2604 oratIOnis
843 2562 884 2603 in
918 2562 1073 2604 iudicio
1114 2562 1287 2603 habitae
1326 2563 1455 2614 atque
1488 2561 1617 2602 etiam
1657 2560 1760 2601 dicit
1791 2559 1833 2600 in
1865 2572 1993 2612 para-

336 2634 500 2687 grapho
534 2634 794 2686 insequenti:
842 2634 1093 2687 Φαβωρῖνος
1127 2634 1172 2674 δέ
1191 2649 1318 2686 φησιν
1350 2633 1393 2673 ἓν
1419 2637 1478 2685 τῷ
1505 2633 1663 2685 πρώτῳ
1690 2635 1773 2672 τῶν
1799 2631 1992 2683 ἀπομνη-

336 2706 616 2758 μονευμάτων
649 2705 707 2758 μὴ
742 2704 840 2745 εἶναι
885 2705 1025 2758 ἀληθῆ
1063 2704 1132 2744 τὸν
1170 2704 1294 2756 λόγον
1325 2703 1629 2755 Πολυκράτους
1666 2701 1770 2743 κατὰ
1809 2701 1995 2754 Σωκρά-

338 2789 448 2821 τους·
482 2777 525 2816 ἒν
556 2777 671 2828 αὐτῷ
704 2776 782 2828 γάρ
815 2791 941 2829 φησιν
972 2775 1225 2828 μνημονεύει
1256 2778 1339 2815 τῶν
1370 2774 1453 2814 ὑπό
1481 2773 1684 2818 Κόνωνος
1715 2775 1861 2826 τειχῶν
1892 2773 1992 2812 ἀνα-

337 2848 586 2893 σταθέντων,
607 2848 632 2886 ἃ
655 2848 796 2899 γέγονε
822 2847 948 2886 ἔτεσιν
979 2847 1025 2893 ἓξ
1056 2850 1126 2899 τῆς
1146 2845 1407 2897 Σωκράτους
1439 2844 1623 2896 τελευτῆς
1649 2844 1834 2895 ὕστερον.
1884 2841 1992 2883 The-

339 2917 527 2959 mistium
562 2917 792 2959 credidisse
814 2916 927 2957 illam
955 2916 1192 2970 Polycratis
1219 2915 1458 2957 orationem
1492 2927 1537 2956 re
1563 2926 1665 2956 vera
1691 2913 1808 2967 apud
1834 2912 1993 2954 iudices

482 3032 507 3071 1)
535 3034 588 3064 W.
619 3033 769 3073 Brandt,
794 3030 938 3064 Griech.
959 3030 1341 3072 Temporalpartikeln
1363 3029 1617 3062 vornehmlich
1639 3029 1687 3060 im
1707 3028 1896 3069 jonischen
1916 3026 1993 3058 und

271 3122 276 3126 ,
340 3093 533 3124 dorischen
560 3092 715 3131 Dialekt,
742 3100 775 3130 p.
797 3092 849 3122 50.

482 3150 509 3193 2)
535 3151 578 3182 cf.
608 3150 985 3191 Bentley(-Ribbeck)‚
1013 3158 1046 3189 p.
1070 3150 1134 3181 544
1149 3158 1176 3181 s.
