2254 3496
1251 238 1295 272 (S

439 346 486 385 ut
525 343 602 385 sibi
643 344 890 397 plaudatur,
936 342 1183 384 hominibus
1224 343 1485 395 quibusdam
1528 343 1756 396 pecuniam
1795 344 1980 388 solvunt.
2043 344 2108 387 Illi

441 409 678 456 illuduntur
711 415 751 455 iu
785 413 969 467 epistula
1002 411 1128 455 tertia
1153 413 1320 456 decima
1354 414 1418 455 his
1444 414 1586 456 verbis
1613 414 1740 468 (XIII,
1763 414 1827 470 2):
1863 415 1957 462 Τὼς
1986 417 2105 470 ἕχον-

439 502 509 531 τας
539 487 686 540 βαθεῖς
719 486 801 531 τὼς
831 487 1044 538 πώγωνας
1076 486 1146 526 καὶ
1178 486 1259 530 τὼς
1291 487 1505 531 σκίπωνας
1531 486 1727 539 ἐγέλασας
1752 487 1823 532 τὰς
1849 487 2104 540 ἀλαζονείας,

438 557 660 609 ῥυπῶντάς
691 573 731 597 τε
762 557 832 597 καὶ
864 558 1146 609 φθειριῶντας
1177 557 1246 597 καὶ
1284 557 1443 610 ὄνυχας
1482 557 1625 610 ὥσπερ
1668 557 1714 598 τὰ
1756 558 1886 612 θηρία
1926 557 2108 612 μακρὼς

437 629 738 679 περικειμένους
769 628 839 668 καὶ
880 628 1063 672 ἐναντίας
1103 643 1179 668 σου
1221 627 1292 672 τὰς
1334 629 1478 681 τέχνας
1518 629 1833 681 ὑποτιθεμένως
1869 629 2107 683 ὑποθήκας·

581 698 665 741 Sed
698 698 815 740 dicat
848 698 1025 739 forsitan
1059 698 1273 751 quispiam
1309 698 1540 752 scriptores
1572 699 1654 740 hoc
1686 699 1817 741 niodo
1844 712 1986 742 mores
2009 712 2109 755 per-

439 781 586 810 versos
613 769 921 822 sophistarum,
949 769 1022 821 qui
1049 768 1239 810 Socratis
1271 771 1414 812 aetate
1440 769 1610 821 fuerint,
1638 769 1881 812 describere
1905 769 2106 814 voluisse.

441 840 527 881 Sed
560 840 654 881 illos
692 840 746 882 de
784 841 871 881 suis
909 838 1164 892 aequalibus
1203 841 1458 892 cogitavisse
1501 844 1698 894 apertum
1742 843 1819 884 est.
1881 841 2109 884 Nonnullis

442 911 582 952 verbis
616 911 729 952 enim
763 924 809 953 se
847 910 927 964 ipsi
970 900 1267 964 prodiderunt.
1332 912 1495 954 Auctor
1532 912 1699 965 primae
1737 912 1947 966 epistulae
1983 911 2109 956 dicit:

440 983 490 1023 οὐ
530 982 625 1028 τοὺς
672 982 959 1035 βουλομένους
1003 983 1172 1023 ἀκούειν
1214 983 1415 1036 ἀργύριον
1452 984 1696 1036 εἰσπράττω,
1749 985 1853 1037 ὅπερ
1891 981 2026 1026 ἄλλοι
2061 985 2110 1026 τέ

439 1068 558 1102 τινες
587 1055 817 1109 πρότερον
849 1054 1047 1107 ἐποίησαν
1079 1054 1149 1095 καὶ
1180 1059 1274 1095 τῶν
1305 1052 1420 1096 καθ’
1450 1056 1573 1109 ἡμᾶς
1599 1056 1713 1096 ἔνιοι
1736 1059 1938 1096 ποιοῦσιν.
1993 1054 2108 1097 Num

440 1126 646 1177 putamus
677 1124 900 1167 Socratem
942 1125 1082 1178 ipsum
1116 1125 1197 1167 hoc
1230 1122 1360 1166 modo
1392 1125 1583 1167 locutum
1627 1129 1748 1168 esse?
1810 1125 1894 1177 Qui
1931 1126 2107 1170 tandem

441 1196 614 1237 fuerunt
646 1197 686 1237 οἷ
721 1197 948 1250 πρότεροιΡ
1010 1196 1178 1238 Primos
1218 1196 1501 1250 Protagoram
1548 1203 1589 1240 et
1634 1197 1835 1249 Gorgiam
1880 1197 2110 1251 pecuniam

442 1267 660 1320 accepisse
692 1280 717 1309 a
750 1267 967 1320 discipulis
999 1268 1156 1309 scimus
1176 1269 1221 1321 1),
1266 1268 1352 1321 qui,
1386 1281 1482 1310 cum
1517 1269 1668 1311 eadem
1707 1270 1865 1320 aetate,
1906 1281 1993 1322 qua
2029 1268 2111 1312 So-

442 1339 599 1387 crates,
633 1337 849 1388 ssorerent,
883 1350 969 1378 nou
1002 1338 1168 1390 priores
1194 1338 1403 1391 appellari
1430 1337 1644 1391 poteraut.
1708 1338 1760 1380 Et
1785 1338 1902 1392 quod
1927 1337 2112 1392 scriptor

442 1408 557 1458 dicit,
592 1421 647 1451 ne
678 1408 902 1450 veritatem
943 1409 1113 1450 laedere
1146 1408 1355 1459 videatur,
1400 1410 1518 1450 ἔνιοι
1556 1413 1638 1451 τῶν
1678 1410 1780 1450 καθ’
1817 1410 1939 1463 ἡμᾶς,
1979 1408 2110 1462 paulo

444 1480 555 1522 infra
587 1479 830 1524 admiratur
870 1481 979 1528 τοὺς
1008 1479 1220 1533 λοιποὺς,
1263 1482 1303 1521 οἳ
1341 1481 1555 1536 φαίνονται
1598 1480 1750 1525 αὖτοὺς
1789 1479 1855 1521 διὰ
1894 1479 1942 1521 τὰ
1979 1480 2110 1534 κέρὸη

443 1551 713 1604 ἀποδόμενοι,
746 1551 817 1592 καὶ
847 1551 1035 1596 παιδείας
1056 1551 1355 1604 ὀλιγωροῦντες
1386 1555 1677 1605 χρηματισμοῦ
1705 1551 1988 1603 ἐπιμελοῦνται.
2040 1549 2111 1593 Sic

444 1624 559 1663 certe
591 1622 793 1664 Socrates
826 1622 878 1663 de
910 1622 1165 1675 aequalibus
1198 1622 1365 1663 locutus
1404 1635 1491 1663 non
1530 1625 1594 1664 est
1626 1635 1768 1675 neque
1801 1622 1930 1664 verba
1963 1623 2114 1664 sextae

444 1693 668 1747 epistulae,
710 1707 822 1747 quae
861 1706 992 1746 supra
1034 1693 1173 1744 attuli,
1216 1693 1295 1734 illis
1340 1693 1572 1747 opprobrio
1612 1693 1705 1735 dari
1746 1695 1960 1747 poterant.
2027 1693 2114 1736 Sed

446 1777 543 1806 cum
577 1764 632 1806 ad
665 1764 883 1818 sophistas
915 1765 1057 1818 quarti
1084 1765 1242 1806 saeculi
1276 1778 1361 1806 non
1389 1765 1643 1815 referantur,
1677 1764 1758 1807 hac
1783 1764 1877 1818 ipsa
1903 1763 1957 1806 de
1983 1777 2115 1806 causa

444 1830 488 1876 in
523 1835 763 1877 secundum
806 1848 846 1889 p.
881 1835 981 1877 Chr.
1016 1848 1058 1877 n.
1101 1835 1320 1877 saeculum
1363 1835 1629 1886 deducimur,
1670 1835 1728 1877 ad
1767 1848 1841 1877 eos
1883 1833 2113 1888 sophistas,

449 1919 633 1959 quorum
669 1907 722 1948 de
754 1907 944 1960 quodam
978 1906 1268 1949 Philostratus
1303 1906 1357 1960 (V.
1393 1907 1434 1949 S.
1469 1919 1510 1959 p.
1543 1907 1647 1960 229)
1680 1907 1801 1948 dicit:
1833 1906 1950 1959 αὐτῷ
1979 1906 2112 1948 πολλὰ

444 1978 522 2030 μὲν
553 1978 797 2032 σκευοφόρα
831 1979 1008 2025 ἕπονται,
1040 1978 1186 2019 πολλοὶ
1219 1978 1263 2018 δὲ
1295 1979 1423 2024 ἵπποι,
1463 1978 1608 2019 πολλοὶ
1641 1978 1686 2019 δὲ
1717 1978 1870 2018 οἰκέται
1900 1971 2034 2018 πολλὰ
2066 1976 2123 2018 δὲῚῚ

446 2050 549 2102 ἔθνη
583 2053 737 2096 κυνῶν,
779 2049 882 2090 ἄλλα
915 2050 971 2094 εἰς
1003 2049 1131 2103 ἄλλην
1163 2050 1314 2102 θήραν,
1357 2048 1481 2094 αὐτὸς
1523 2049 1568 2090 δὲ
1610 2049 1675 2089 ἐπὶ
1716 2049 1891 2102 ζεύγους
1931 2048 2113 2101 ἀργυρο-

446 2120 616 2173 χαλίνου
655 2120 840 2173 Φρυγίου
876 2122 899 2173 ἢ
933 2119 1135 2160 Κελτικοῦ
1167 2121 1397 2173 πορεύεται.
1459 2119 1611 2172 Neque
1636 2119 1772 2161 altera
1797 2117 2114 2172 vituperatione

447 2191 657 2244 epistulae
698 2191 851 2233 tertiae
895 2190 1102 2241 decimae,
1149 2203 1235 2244 qua
1276 2190 1464 2232 Simonis
1509 2191 1687 2232 comites
1733 2192 1776 2231 et
1820 2189 1983 2232 amicos
2027 2188 2115 2243 peti

450 2262 634 2314 fingitur,
668 2262 783 2314 digni
815 2264 915 2303 sunt
946 2261 1192 2315 philosophi
1225 2261 1291 2303 vel
1333 2261 1554 2314 sophistae
1593 2261 1730 2314 quinti
1769 2259 1928 2302 saeculi
1946 2258 1978 2314 2)
2015 2271 2113 2302 cum

447 2333 507 2375 sic
538 2346 584 2375 se
618 2346 703 2375 non
738 2335 947 2384 gererent.
1011 2331 1185 2385 Optima
1218 2334 1364 2375 autem
1398 2333 1539 2385 imago
1573 2334 1636 2373 est
1668 2330 1910 2384 prodeundi
1935 2329 2115 2373 rationis

448 2403 720 2456 Cynicorum,
753 2403 825 2456 qui
853 2403 1028 2444 Luciani
1054 2405 1197 2446 aetate
1224 2405 1359 2444 erant,
1412 2402 1590 2444 Accedit
1618 2402 1714 2444 hoc.
1772 2401 1974 2455 Epistulis
1999 2413 2115 2442 nona

450 2473 538 2528 (IX,
562 2474 586 2514 3
621 2476 817 2524 exeunte)
852 2476 895 2515 et
927 2474 1054 2515 tertia
1086 2473 1254 2515 decima
1288 2473 1416 2526 (XIII,
1440 2473 1484 2526 2)
1519 2473 1646 2524 longa
1685 2472 1821 2514 barba
1853 2471 2114 2526 Cynicorum

449 2547 830 2587 commemoratur.
905 2544 990 2586 Sed
1038 2557 1135 2585 cum
1181 2544 1287 2586 haec
1341 2546 1442 2585 ante
1486 2543 1719 2586 Alexandri
1769 2544 1958 2585 aetatem
2011 2541 2116 2583 nihil

450 2616 545 2657 miri
572 2616 752 2658 haberet
769 2614 818 2670 3),
845 2615 1156 2658 recentioribus
1188 2618 1334 2658 autem
1362 2614 1529 2668 Cynicis
1560 2614 1736 2668 propria
1763 2615 1889 2664 esset,
1922 2626 2008 2655 non
2037 2613 2115 2654 mi-

450 2688 754 2740 nimeprobat
786 2687 991 2740 epistulas
1024 2687 1179 2728 horum
1212 2686 1480 2740 temporibus
1511 2684 1774 2738 compositas
1807 2697 1914 2726 esse.

598 2837 620 2880 ¹)
647 2839 749 2879 Diog.
775 2839 825 2879 L.,
853 2839 916 2879 IX,
939 2839 999 2878 52;
1029 2838 1135 2869 Diod.
1155 2837 1239 2878 XII,

592 2895 618 2938 2)
647 2898 752 2929 Hanc
778 2898 973 2937 epistulam
995 2897 1143 2929 Socrate
1164 2897 1252 2928 vivo
1278 2890 1452 2935 scriptam
1473 2903 1548 2926 csse
1567 2895 1658 2935 fingi
1681 2895 1718 2926 in
1740 2894 1875 2934 pagina
1898 2895 1936 2926 21
1961 2891 2114 2925 ostendi.

595 2956 618 2997 ³)
646 2957 711 2988 Ed.
741 2957 924 2997 Schwarz,
951 2955 1278 2996 Charakterkopfe,
1307 2955 1356 2996 ΙΙ,
1383 2964 1417 2994 p.
1442 2958 1499 2987 7s.
