2254 3496
1047 263 1092 301 21

230 372 290 415 At
320 384 466 415 nonne
499 371 582 415 hoc
613 372 709 415 loco
738 372 953 415 habemus
980 373 1186 427 Προὸίκω
1221 377 1279 415 τῶ
1309 373 1450 416 Κείωὶ)
1497 374 1632 416 Sane!
1699 372 1785 415 Sed
1815 385 1914 414 cum

231 440 428 497 legamus
460 445 645 498 κρείσσω
678 444 750 486 καὶ
781 446 1031 498 σοφώτερον
1064 445 1273 498 Προὸίκω
1307 449 1365 486 τῶ
1399 445 1527 492 Κείω,
1567 446 1789 487 auctorem
1830 456 1918 485 non

233 517 383 570 aperte
396 502 681 570 proverbium*
700 516 868 567 afferre,
890 517 968 560 sed
990 517 1221 559 ostendere
1255 517 1443 560 voluisse
1465 517 1668 569 arbitror,
1691 516 1915 571 quomodo

231 589 376 631 ortum
411 589 480 631 sit.
546 588 714 631 Deinde
761 589 970 643 scriptum
1016 589 1237 632 videmus:
1282 591 1498 644 «θαυμάζω
1538 590 1596 637 σὲ,
1640 589 1920 632 εἰ...πάλαι

231 660 311 714 μὲν
340 660 583 714 Σωκράταν
614 662 780 707 ἔπειθες
801 695 808 702 .
833 695 841 703 .
866 695 872 702 .
893 662 1010 715 παρὰ
1042 663 1087 704 σὲ
1107 663 1380 711 καθέζεσθαι.
1432 662 1494 703 EX
1521 661 1587 704 his
1609 661 1766 712 verbis,
1787 674 1916 714 prae-

231 737 358 792 cipue
398 751 450 780 ex
494 740 691 792 tempore
724 738 990 792 imperfecto,
1025 739 1222 782 concludi
1261 742 1406 793 potest
1448 740 1674 782 Socratem
1717 738 1910 781 nondum

233 811 455 852 mortuum
482 822 589 852 esse.
653 810 741 852 Sed
774 809 935 852 scimus
968 810 1242 865 Aristippum
1275 814 1377 865 post
1411 813 1598 853 mortem
1634 811 1812 852 demum
1837 809 1918 851 So-

231 881 363 924 cratis
385 881 572 924 Athenis
592 882 833 935 profectum
862 884 1001 925 terras
1034 883 1338 936 permigrasse.
1392 883 1537 937 Atque
1559 883 1601 924 in
1630 883 1711 925 hac
1731 881 1918 936 epistula

230 955 297 996 est
333 953 451 996 illum
500 953 619 1008 apud
665 954 916 1009 Dionysium
957 954 1000 996 in
1040 954 1186 997 Sicilia
1216 952 1409 1012 {morari
1473 955 1583 997 Tum
1625 954 1807 1007 legimus
1841 986 1850 995 .
1873 985 1915 995 ..

230 1025 396 1072 ἇῑειθες
438 1026 510 1068 καὶ
554 1026 637 1071 τὼς
675 1026 905 1072 καλλίστως
943 1030 1027 1067 τῶν
1066 1032 1175 1068 νέων
1204 1060 1212 1067 .
1242 1060 1250 1069 .
1280 1060 1287 1067 .
1316 1027 1406 1068 οἷον
1433 1061 1439 1068 .
1472 1060 1479 1067 .
1508 1061 1516 1069 .
1538 1026 1805 1079 Εὖθύόαμον
1846 1024 1916 1066 τὸν

234 1095 505 1143 Γλαύκωνος.
569 1096 615 1139 Si
647 1110 694 1139 re
726 1109 829 1140 vera
862 1097 931 1140 ille
964 1097 1264 1152 Euthydemus
1298 1099 1377 1140 fuit
1411 1097 1801 1152 (Schleiermacher
1823 1110 1912 1139 non

230 1170 358 1222 putat
390 1171 433 1211 et
465 1168 598 1211 Grote
631 1171 760 1220 negat
793 1182 890 1211 eum
927 1169 1106 1211 omnino
1142 1169 1317 1224 vixisse)
1338 1169 1384 1222 1),
1426 1169 1658 1212 verisimile
1697 1172 1763 1211 est
1795 1169 1914 1211 illum

229 1242 336 1282 natu
383 1239 594 1282 maiorem
636 1240 768 1283 fuisse
812 1240 1007 1291 Socrate,
1055 1241 1128 1295 qui
1174 1241 1264 1295 ipse
1309 1241 1351 1283 in
1400 1241 1595 1284 Platonis
1638 1241 1914 1296 Euthydemo

231 1310 289 1366 (p.
325 1310 474 1361 ‘'271C)
507 1310 629 1354 dicit:
666 1310 798 1353 How
835 1312 916 1367 ἤδη
950 1313 1018 1367 ἔτη
1053 1313 1147 1366 περὶ
1182 1313 1331 1354 τούσδε
1364 1313 1461 1359 τοὺς
1501 1315 1659 1359 τόπους
1700 1314 1912 1366 διατρίβει.

231 1381 285 1424 Et
325 1382 394 1425 hic
435 1382 650 1426 habemus
694 1381 936 1437 Σωκράταν
976 1384 1048 1425 καὶ
1089 1385 1172 1431 τὼς
1213 1385 1443 1431 καλλίστους
1487 1389 1572 1426 τῶν
1604 1386 1724 1426 νέων.
1787 1385 1914 1428 Certe

234 1455 391 1498 auctor
434 1457 604 1497 tantum
652 1455 766 1496 viros
799 1455 990 1498 maxime
1023 1457 1151 1498 notos
1191 1455 1303 1497 illius
1336 1456 1493 1499 aetatis
1536 1456 1691 1499 afferre
1725 1456 1914 1507 volebat,

231 1526 489 1581 praesertim
524 1539 623 1568 curn
647 1527 787 1580 ipsum
810 1526 1019 1569 Periclem
1043 1531 1370 1570 commemoret.
1406 1529 1512 1570 Miro
1533 1528 1666 1569 modo
1690 1528 1913 1582 Epicrates

229 1597 476 1652 appellatur
507 1598 819 1652 Sacesphorus
886 1599 1097 1653 Equidem
1131 1603 1238 1653 puto
1272 1613 1387 1652 eum,
1421 1600 1494 1654 qui
1530 1600 1644 1642 hanc
1679 1600 1912 1654 epistulam

229 1669 460 1724 scripserit,
501 1683 587 1713 non
629 1670 904 1722 intellexisse,
944 1671 1047 1724 quid
1087 1671 1168 1713 sibi
1195 1672 1324 1714 vellet
1368 1671 1450 1714 hoc
1491 1683 1734 1724 cognomen
1768 1685 1912 1726 neque

228 1741 404 1784 scivisse
442 1741 524 1784 hoc
564 1754 723 1783 nomen
770 1741 827 1783 illi
866 1756 892 1784 a
927 1742 1110 1784 Platone
1152 1743 1317 1785 comico
1358 1756 1436 1797 per
1485 1743 1718 1785 ludibrium
1759 1744 1910 1786 datum

230 1826 340 1865 esse,
373 1813 492 1867 quod
524 1813 734 1865 grandem
768 1813 952 1856 barbam
987 1813 1232 1869 haberet2).

369 1885 418 1927 In
450 1887 573 1928 sexta
606 1885 775 1929 decima
796 1886 982 1939 epistula
1010 1886 1256 1940 Aristippus
1278 1886 1380 1929 dicit
1413 1900 1460 1929 se
1492 1889 1535 1928 et
1563 1887 1910 1939 Cleombrotum,

228 1969 326 1999 cum
359 1956 554 2010 Aeginae
586 1957 758 2008 fuerint,
793 1957 848 1998 de
882 1957 1074 2000 Socratis
1104 1960 1241 2000 morte
1267 1958 1473 2000 certiores
1494 1959 1633 2000 factos
1662 1971 1769 2007 esse,
1796 1972 1910 2012 quae

226 2041 296 2070 res
340 2028 421 2080 legi
464 2030 639 2082 poterat
683 2041 780 2070 cum
827 2027 945 2082 apud
986 2028 1145 2070 multos
1192 2029 1300 2071 alios
1320 2028 1352 2083 3)
1393 2032 1485 2070 tum
1520 2030 1638 2084 apud
1679 2029 1909 2072 Platonem

227 2099 370 2153 ipsum
388 2099 436 2155 4).

372 2171 433 2214 De
464 2171 650 2225 epistula
683 2171 1022 2214 undetricesima
1056 2171 1140 2214 iam
1178 2171 1356 2227 Bentley
1389 2172 1615 2225 complura
1649 2172 1692 2214 in
1717 2173 1907 2215 medium

228 2241 422 2296 protulit.
469 2244 885 2285 Commemorantur
905 2243 992 2285 duo
1016 2256 1171 2285 uxores
1186 2243 1379 2286 Socratis
1394 2243 1647 2298 Xanthippe
1667 2246 1709 2286 et
1725 2244 1908 2299 My1-t05)

227 2315 271 2356 et
291 2313 499 2357 Berenice
514 2314 740 2368 oppidum,
756 2315 872 2368 quod
894 2315 1089 2357 nondum
1116 2318 1211 2358 erat
1233 2316 1440 2369 Aristippi
1455 2317 1738 2370 temporibus.
1757 2317 1909 2358 Verbis

226 2385 308 2428 viri
340 2386 457 2428 docti
493 2386 727 2429 Britannici
761 2387 877 2429 addo
912 2387 1182 2441 Aristippum
1219 2401 1399 2430 narrare
1432 2402 1491 2438 se,
1526 2390 1573 2430 ut
1606 2389 1801 2443 Cyrenas
1834 2403 1907 2431 ve·

225 2458 338 2500 niret
369 2457 595 2512 Syracusis
626 2458 868 2512 protectum
911 2459 954 2500 in
993 2459 1149 2513 Lipara
1191 2459 1333 2502 insula
1364 2460 1406 2501 in
1455 2461 1657 2502 morbum
1691 2460 1907 2503 incidisse.

226 2528 324 2580 Quo
356 2529 535 2572 tandem
569 2530 716 2581 modo,
751 2529 830 2572 nisi
875 2533 1137 2585 tempestate
1175 2531 1360 2581 delatus,
1394 2532 1434 2573 id
1478 2532 1597 2586 quod
1636 2532 1906 2586 scriptorem,

225 2604 274 2643 ut
305 2603 371 2644 est
396 2601 557 2656 loquax
589 2605 633 2643 et
665 2602 877 2654 garrulus,
931 2616 1017 2645 non
1064 2603 1328 2646 omissurum
1369 2603 1500 2646 fuisse
1542 2606 1664 2658 puto,
1718 2618 1768 2647 eo
1808 2618 1906 2658 per—

228 2672 374 2715 venire
406 2675 593 2727 poterat,
627 2686 723 2716 cum
751 2673 848 2716 'filia
881 2674 935 2716 de
968 2675 1166 2717 consulto
1188 2676 1226 2717 ei
1253 2676 1508 2729 scripsisset,
1533 2679 1580 2718 ut
1606 2689 1739 2730 quam
1773 2676 1906 2719 celer-

226 2743 335 2787 rime
367 2744 468 2786 navi
489 2744 809 2788 adveheretur?
860 2746 987 2789 Certe
1008 2746 1175 2789 auctori
1196 2747 1408 2800 ignotum,
1443 2750 1549 2798 erat,
1578 2747 1651 2789 ubi
1672 2747 1743 2789 illa
1763 2747 1905 2793 insula

227 2815 311 2858 sita
344 2818 470 2858 esset.

368 2936 397 2982 ι)
424 2939 468 2971 cf.
495 2939 647 2981 Natorp,
674 2939 856 2972 Paul.-W.
885 2940 946 2980 VI,
970 2942 999 2981 1,
1026 2949 1061 2981 p.
1086 2942 1187 2972 1504.

371 2996 399 3040 2)
426 2998 545 3031 Schol.
573 2999 759 3040 Aristoph.
788 3000 924 3032 Eccles.
950 3000 997 3032 ad
1026 3009 1061 3032 v.
1082 3002 1141 3032 71:
1168 2999 1270 3037 οὗτος
1288 2998 1398 3043 μέγαν
1415 2999 1572 3043 πώγωνα
1592 3000 1686 3044 ἔχων
1704 2999 1905 3035 ἐπεκαλεῖτο

224 3057 448 3101 σακεσφόρος
473 3057 535 3091 καὶ
559 3057 713 3091 Πλάτων
737 3058 758 3091 ό
782 3059 945 3102 κωμικός
971 3069 1097 3102 φησιν·
1141 3059 1229 3099 ἄναξ
1254 3059 1390 3103 ὑπήνης
1411 3058 1618 3103 Ἐπίκρατες
1643 3061 1855 3104 σακεσφόρε.

370 3116 396 3159 ²³)
423 3118 586 3159 Diog.-L.
615 3119 666 3160 ΙΙ,
688 3121 750 3159 65;
781 3120 851 3160 ΙΙΙ,
873 3122 928 3152 36.
980 3120 1136 3153 Demetr.
1164 3119 1243 3162 περὶ
1269 3119 1347 3162 ἓρμ.
1375 3121 1454 3153 288.

369 3176 396 3218 ⁴)
424 3178 515 3211 Plat.
543 3178 679 3211 Phacd.
708 3180 750 3212 59
767 3179 803 3212 C.
952 3178 980 3219 6”’)
1006 3179 1049 3213 cf.
1079 3181 1198 3213 Zeller
1225 3181 1274 3222 11,
1298 3180 1349 3223 1⁴,
1377 3190 1411 3222 p.
1434 3182 1514 3223 412,
1541 3182 1627 3214 adn.
1649 3183 1680 3214 2.
