2254 3496
1161 210 1209 247 50

505 318 809 373 κατατολμάω
844 317 970 372 (XIV,
998 319 1054 370 02).
1089 318 1185 360 Non
1209 322 1310 360 ante
1337 318 1488 372 Polyb.
1521 318 1743 371 Significat
1768 322 1844 362 aut
1867 319 2027 362 audere

364 391 529 443 aliquid
563 390 770 431 adversus
803 389 988 442 aliquem
1032 392 1108 432 aut
1152 383 1279 440 idem,
1319 390 1435 443 quod
1477 390 1654 432 verbum
1689 390 1883 444 simplex.
1947 392 2026 444 Ap.

364 462 510 515 Polyb.
546 461 751 514 scriptum
788 461 981 501 videmus
1013 461 1291 514 κατατολμάω
1319 465 1402 502 τῶν
1427 462 1642 514 πολεμίων
1675 461 1732 515 (3,
1764 463 1860 512 103,
1887 462 1930 515 5)
1960 460 2025 503 vel

364 551 402 574 κ.
435 538 504 586 τῆς
535 533 700 577 πόλεως
734 532 821 584 (1⁶2,
844 533 883 581 9,
912 532 966 579 2).
1032 532 1075 572 111
1110 531 1226 572 libris
1249 531 1605 574 Maccahaeorum
1634 531 1694 586 (Ξ,
1721 534 1760 583 3,
1783 533 1856 582 244
1885 534 1925 582 5,
1958 533 2025 582 15)

364 606 406 644 et
439 603 657 644 Heliodori
694 604 751 656 (7,
780 603 853 656 Ο24)
887 606 950 644 est
972 616 1049 656 pro
1078 603 1210 644 verbo
1243 602 1438 655 simplici.
1487 603 1637 645 Utram
1673 603 2026 655 significationem

365 676 464 716 illud
512 675 690 716 verbum
734 674 887 715 bacin
923 674 1106 727 epistula
1148 674 1320 723 habeat,
1364 687 1448 715 non
1492 677 1556 716 est
1588 675 1877 728 perspicuum,
1909 674 2026 728 quod

368 746 487 788 locus
532 747 760 797 corruptus
804 747 882 794 est,
928 757 1068 797 neque
1110 745 1292 786 multum
1335 745 1477 786 refert.
1553 745 1636 786 Sed
1683 745 1862 787 alteram
1908 738 2025 786 verbi

367 816 572 870 simplicis
603 815 762 869 requiri
803 815 1002 867 arbitror,
1043 829 1138 857 cum
1179 815 1499 869 subsequantur
1537 815 1670 858 verba
1708 817 1778 857 καὶ
1816 816 1867 870 δὴ
1906 816 2028 870 ἐξηρ-

365 890 513 943 τήσατο
547 889 695 928 ἑαυτοῦ
728 887 856 939 ἄλλην
889 890 1034 940 τέχνην
1067 886 1212 940 (aliam
1248 889 1384 928 artem
1420 887 1498 928 Sibi
1539 887 1761 940 alligavit).
1825 887 2027 928 Formam

365 959 711 1012 κατατετόλμηται
743 957 911 1010 generis
943 957 1072 999 medii
1106 971 1190 999 non
1227 958 1385 1011 passivi
1417 971 1511 999 esse
1543 971 1711 1003 censeo.
1745 958 1861 1011 quod
1893 970 2030 1010 genus

365 1029 541 1084 Polybio
574 1031 617 1070 et
650 1028 857 1070 Atticistis
890 1041 1047 1079 magno
1080 1029 1175 1069 usui
1204 1028 1278 1069 l'uit
1300 1042 1376 1081 pro
1409 1041 1565 1080 genere
1606 1029 1747 1070 activo
1769 1027 1813 1082 ¹),
1846 1028 1900 1069 de
1933 1041 2022 1082 qua

366 1113 413 1142 re
445 1101 555 1141 inl'ra
582 1111 723 1151 agam.

506 1172 809 1226 περικρύπτω
843 1169 969 1223 (XIV,
997 1170 1056 1222 ⁶2).
1119 1169 1215 1210 Non
1253 1172 1355 1211 ante
1394 1170 1493 1211 Luc.
1534 1169 1600 1223 (D.
1636 1172 1762 1211 mort.
1809 1171 1872 1220 10,
1907 1168 1952 1222 8)
1985 1171 2028 1210 et

375 1242 491 1293 Diog.
514 1242 556 1283 L.
595 1241 679 1293 (Vl,
713 1241 799 1294 61).
1554 1261 1556 1264 -

507 1311 796 1361 ὑποτοπάζω
831 1311 958 1366 (XIV,
987 1312 1045 1362 6),
1079 1311 1255 1361 conicio,
1289 1311 1519 1362 coniector,
1564 1311 1771 1365 suspicor.
1834 1311 2026 1353 Primum

369 1398 439 1437 ap.
475 1384 580 1425 Phil.
616 1384 783 1436 (11.898
808 1383 890 1433 Α),
934 1386 1022 1424 111111
1067 1395 1134 1435 ap.
1180 1383 1301 1424 Dion.
1344 1382 1390 1425 C.
1426 1383 1510 1437 (78,
1533 1382 1620 1436 ⁶25).
1665 1382 1848 1436 Saepius
1889 1385 1954 1424 est
1985 1382 2028 1424 in

367 1456 484 1497 libris
529 1455 863 1509 Byzantinorum
906 1453 1077 1509 [Joann.
1123 1454 1247 1495 Dam.
1280 1456 1309 1496 t.
1348 1454 1378 1504 I,
1412 1467 1454 1506 p.
1486 1455 1572 1495 489
1600 1454 1645 1503 Ε,
1679 1457 1707 1495 t.
1736 1454 1786 1504 11,
1815 1455 1948 1508 p.794
1975 1454 2025 1504 E;

367 1526 605 1580 Theophyl.
651 1525 813 1567 Simok.
856 1538 898 1577 p.
940 1526 1011 1575 47,
1055 1525 1128 1573 19;
1177 1525 1269 1575 113,
1312 1525 1356 1573 23
1408 1525 1599 1576 16:3‚15;
1649 1525 1944 1576 171,4;192,
1979 1526 2027 1575 9;

368 1598 469 1647 205,
503 1595 594 1651 20],
656 1596 905 1637 Thesaurus
938 1594 1039 1636 dicit
1066 1594 1167 1635 illud
1188 1594 1366 1635 verbum
1397 1594 1574 1636 inveniri
1608 1595 1735 1636 etiarn
1770 1595 1887 1647 apud
1919 1594 2028 1636 duos

367 1681 610 1722 anonymos
643 1667 873 1720 scriptores
906 1669 944 1708 et
982 1666 1059 1718 legi
1092 1679 1220 1719 posse
1251 1666 1367 1718 apud
1401 1665 1579 1708 Suidam
1614 1666 1694 1707 sub
1728 1679 1830 1707 voce
1858 1667 2030 1712 ἀτοπίας

367 1743 409 1781 01
452 1739 491 1780 111
532 1738 682 1779 Walzii
721 1738 966 1779 rhetoribus
1007 1737 1180 1778 Graecis
1216 1737 1296 1778 vol.
1338 1737 1363 1787 1,
1391 1750 1432 1789 p.
1464 1737 1654 1783 64332.
1723 1736 1918 1787 Quorum
1961 1737 2029 1779 hic

369 1810 632 1852 christianus
664 1809 741 1850 suit
760 1809 805 1862 2),
828 1809 902 1850 sed
936 1809 1045 1849 illius
1072 1811 1259 1850 aetatem
1288 1808 1531 1850 accuratius
1553 1810 1743 1850 statuere
1763 1821 1848 1849 non
1876 1820 2028 1861 possu-

369 1895 478 1932 mus,
511 1895 607 1922 cum
643 1880 813 1930 Suidas,
847 1882 1093 1933 postquam,
1124 1879 1299 1920 notione
1330 1879 1588 1920 substantivi
1619 1880 1774 1925 ἄτοπος
1802 1879 2028 1931 explicata,

368 1954 509 1995 locum
555 1951 860 2004 Aristophanis
904 1951 1060 1996 attulit,
1107 1951 1208 1992 nihil
1254 1950 1368 1992 dicat
1412 1950 1490 1991 nisi
1537 1951 1605 1991 καὶ,
1655 1949 1796 1996 αὖθις·
1836 1951 2029 1992 Ἀτυπίαν

367 2024 637 2067 ὕπωτοπάσας
669 2024 766 2062 τινά.
1676 2064 1679 2067 ¹

511 2095 749 2148 ἀφυπνόω
783 2093 931 2146 (XVII,
953 2092 1011 2146 ⁶2).
1059 2092 1153 2133 Non
1181 2105 1251 2144 ap.
1274 2094 1376 2133 vett.
1411 2091 1530 2132 Duae
1556 2094 1656 2132 sunt
1681 2091 2028 2143 significationes,

368 2166 506 2208 altera
539 2163 885 2205 obdormiscendi
931 2163 1055 2215 (Nov.
1089 2163 1154 2212 T„
1194 2162 1302 2211 1101,
1342 2163 1475 2214 Luc),
1519 2162 1654 2202 altera
1695 2162 2028 2214 expergiscendi,

370 2250 498 2290 quam
536 2236 746 2278 habemus
779 2235 859 2276 hoc
892 2235 999 2284 loco,
1034 2234 1073 2274 in
1109 2233 1238 2274 Antii.
1273 2233 1364 2275 Pal.
1398 2233 1456 2287 (9,
1479 2220 1597 2286 517),
1638 2233 1678 2273 in
1718 2234 2030 2286 epigrammate

370 2308 558 2361 quodam
596 2306 810 2358 Antipatri
845 2305 1054 2354 Thessal„
1098 2304 1169 2357 qui
1214 2307 1306 2345 erat
1347 2304 1477 2345 cliens
1517 2303 1561 2344 L.
1597 2303 1814 2355 Calpurnii
1847 2303 2029 2354 Pisonis,

370 2393 440 2432 ap.
478 2379 568 2419 Hel.
605 2377 736 2431 (aeth.
771 2378 811 2426 9,
845 2377 927 2429 12).

511 2450 805 2505 γανύσκομαι
837 2447 1003 2501 (XVIII,
1037 2446 1146 2500 1)-——
1174 2448 1367 2499 γάνυμαι,
1400 2444 1580 2496 gaudeo,
1615 2445 1762 2485 laetor.
1826 2444 1921 2486 Non
1949 2443 2030 2486 nisi

373 2521 453 2562 hoc
500 2521 608 2569 loco,
653 2533 720 2572 ap.
767 2518 974 2560 Tbemist.
1023 2519 1110 2570 (21,
1144 2531 1184 2569 p.
1220 2517 1306 2558 254
1339 2515 1403 2569 C),
1445 2515 1595 2569 Synes.
1636 2515 1706 2569 (de
1747 2515 1898 2566 segnit.
1940 2515 2029 2567 39),

371 2591 565 2633 Eustath.
600 2590 887 2631 Coniuncturu
922 2589 1115 2630 videmus
1147 2601 1243 2629 cum
1277 2587 1462 2638 genitivo
1496 2585 1587 2641 [τοῦ
1621 2584 1770 2640 τόπου]
1794 2586 1840 2639 ³).

512 2660 714 2711 ἐνεθίζω
761 2660 950 2715 (XXVlI,
989 2660 1046 2713 2),
1099 2660 1224 2709 idem,
1271 2658 1386 2711 quod
1433 2658 1608 2699 verbum
1660 2656 1853 2710 simplex,
1922 2655 2028 2698 Poll.

371 2735 426 2785 (1,
460 2734 578 2787 200),
611 2731 859 2782 Herodian.,
894 2731 951 2785 (6,
973 2732 1013 2781 6,
1035 2731 1092 2784 2),
1127 2730 1247 2772 Stoh.

516 2847 539 2887 ¹)
576 2848 737 2888 Schmid,
771 2847 799 2887 1,
832 2855 868 2886 p.
894 2847 978 2885 239;
1021 2846 1069 2886 ΙΙ,
1102 2854 1135 2885 p.
1163 2846 1226 2884 49;
1268 2844 1336 2884 ΙΙΙ,
1370 2852 1404 2883 p.
1434 2844 1494 2882 693
1536 2843 1597 2883 Iv,
1630 2851 1664 2882 p.
1694 2843 1754 2881 74;
1797 2842 1877 2882 598,
1903 2842 2028 2874 61688.

373 2907 600 2947 Hatzidakis,
628 2906 840 2945 Einleitung
865 2905 903 2936 in
931 2905 990 2936 die
1015 2905 1223 2944 neugriech.
1251 2904 1412 2935 Graium.
1440 2912 1473 2942 p.
1498 2903 1562 2933 199
1577 2911 1603 2933 s.

514 2964 539 3005 2)
568 2965 680 3006 Walz‚
709 2965 825 2996 Rhett.
853 2963 995 3003 Graeci,
1021 2966 1044 2994 t.
1067 2963 1095 3003 1,
1122 2972 1156 3003 p.
1180 2963 1257 2994 579.

515 3023 540 3063 ²³)
568 3024 732 3055 Eandem
759 3022 1066 3054 constructionem
1094 3021 1228 3053 Suidas
1253 3021 1320 3051 sub
1349 3028 1437 3051 voce
1461 3017 1565 3060 μέλον
1598 3018 1706 3049 affert
1730 3026 1774 3048 ex
1801 3016 1956 3057 Agathia
1984 3015 2028 3048 (10

373 3083 487 3116 verbo
513 3081 673 3125 γάνιχιιαι.
723 3082 765 3112 cf.
794 3081 949 3121 Lobeck,
977 3081 1113 3119 Phi-yn.
1142 3089 1175 3119 p.
1198 3080 1275 3110 224.
