2254 3496
1064 232 1108 270 71

388 342 551 385 Eodem
586 345 755 396 spectat
774 343 1045 396 anastropha
1068 342 1405 397 praepositionis
1424 344 1534 396 περί,
1554 355 1688 396 quam
1711 341 1927 384 habemus

182 412 186 416 ’
243 414 288 458 in
319 417 442 457 sexta
462 414 648 469 epistula
669 414 757 467 (Vl,
784 414 868 469 12).
921 415 1041 457 Haec
1073 415 1317 470 ἀναστροφὴ
1348 416 1482 462 τόνου,
1515 427 1784 469 quamquam
1809 414 1926 457 haud

242 497 345 529 raro
377 484 532 539 legitur
562 485 607 528 in
638 485 903 528 carminibus
939 489 1131 529 veterum
1159 489 1404 540 poetarum,
1427 486 1468 528 in
1503 486 1622 528 libris
1649 485 1927 539 scriptorum,

244 556 320 612 qui
361 556 560 599 oratione
601 557 790 610 pedestri
833 560 1030 609 utuntur,
1073 570 1289 611 nusquam
1334 557 1422 599 fere
1463 557 1624 610 scripta
1667 559 1732 598 est
1772 556 1852 598 nisi
1886 557 1927 598 in

222 627 344 683 ipsa
375 628 700 683 praepositione
731 631 826 682 πέρι
859 629 1173 683 adhibenda1).
1219 629 1362 680 Quam
1396 629 1756 671 consuetudinem
1778 641 1928 670 severe

244 698 382 742 secuti
423 702 526 742 sunt
569 700 834 754 posteriores
876 700 992 743 velut
1027 701 1126 742 Luc.
1143 699 1188 754 ²¹),
1230 700 1389 754 Ael.³),
1429 699 1694 755 Philoslr.4)‚
1727 712 1827 742 cum
1863 699 1926 750 iis,

243 771 319 827 qui
350 771 482 826 paulo
521 775 624 815 ante
664 772 880 815 florebant
919 775 967 814 ut
1014 772 1196 827 Polybio
1236 774 1278 814 et
1322 771 1510 814 Diodoro
1553 771 1625 814 illa
1666 772 1928 825 ἀναστροφή,

247 856 362 899 quae
394 843 476 898 ipsi
507 844 731 886 Aristoteli
773 847 943 887 vetusta
986 857 1081 886 esse
1122 844 1352 886 videbatur
1368 843 1415 898 5),
1456 844 1634 885 omnino
1678 843 1826 896 ignota
1859 842 1927 893 sit,

246 918 283 959 A
319 915 525 970 Dionysio
552 916 924 960 Halicarnassensi
946 916 1134 970 primum
1164 918 1420 970 usurpatam
1442 929 1536 958 esse
1557 915 1661 958 dicit
1687 913 1927 969 Schmid‘)

387 987 590 1030 Ceterum
613 988 911 1031 accusativum
932 1000 1187 1041 procurrere
1209 987 1374 1041 optime
1394 987 1436 1029 in
1459 987 1782 1040 praepositione
1812 987 1927 1038 παρά

245 1058 444 1102 adhibita
487 1059 695 1102 videmus
765 1060 897 1102 Ratio
940 1062 1006 1102 est
1040 1059 1159 1113 apud
1192 1059 1359 1101 Andoc.
1400 1059 1489 1101 dat.
1526 1074 1534 1101 :
1567 1072 1657 1101 acc.
1687 1078 1742 1092 z
1771 1059 1794 1100 7
1831 1073 1840 1100 ε
1876 1060 1925 1107 63

242 1130 342 1187 Lys.
375 1132 432 1174 36
466 1146 475 1174 :
512 1132 588 1180 35;
622 1122 730 1174 lsae'.
766 1132 821 1174 26
848 1147 856 1175 :
887 1133 955 1180 15;
991 1132 1119 1174 Isocr.
1158 1132 1240 1173 14⁶2
1269 1146 1278 1173 :
1307 1132 1383 1181 49;
1420 1131 1542 1173 Dem.
1577 1131 1634 1172 54
1662 1146 1670 1174 :
1702 1132 1776 1179 Νη
1826 1131 1924 1185 Lyc.

248 1203 400 1254 19:83
443 1202 606 1258 Hyper.
664 1203 747 1245 17:
774 1204 848 1253 13;
898 1203 1098 1246 Aeschin.
1146 1203 1331 1252 35:27;
1379 1202 1474 1244 Din.
1522 1202 1614 1243 24:
1646 1203 1687 1244 9.
1752 1201 1839 1243 Sed
1886 1201 1927 1242 in

243 1274 440 1329 epistulis
471 1277 539 1317 est
574 1276 658 1317 14:
683 1276 751 1318 20.

390 1345 611 1389 Nonnulla
652 1346 814 1390 addam
854 1346 908 1389 de
941 1346 1184 1400 periphrasi
1217 1346 1419 1399 genetivi,
1459 1359 1573 1400 quae
1609 1358 1926 1399 nonnunquam

246 1418 434 1462 efficitur
463 1418 863 1473 praepositionibus
889 1419 995 1472 περὶ,
1027 1418 1158 1472 παρὰ,
1197 1419 1256 1465 ἐκ,
1290 1418 1409 1466 κατὰ,
1437 1419 1556 1471 ὑπὲρ,
1598 1419 1654 1466 ἐν,
1687 1419 1757 1464 εἰς.
1806 1417 1926 1459 Haec

244 1493 480 1543 structura,
514 1503 629 1545 quae
661 1490 841 1533 minime
878 1491 1115 1544 respondet
1142 1490 1277 1532 veteri
1304 1490 1451 1543 generi
1479 1489 1664 1539 dicendi,
1698 1489 1802 1544 quin
1830 1502 1922 1532 ser-

245 1562 392 1605 monis
418 1561 633 1616 pedestris
654 1562 794 1614 fuerit,
816 1575 903 1604 non
924 1565 988 1604 est
1010 1562 1191 1604 dubium
1210 1562 1254 1616 i).
1300 1562 1386 1604 Sed
1421 1575 1491 1616 ap.
1516 1575 1624 1605 rece.
1652 1564 1700 1604 ut
1720 1561 1928 1621 Polybss)⁷

242 1633 387 1689 Jos.⁹),
402 1633 666 1689 Luc.10)n0n
683 1637 747 1676 est
762 1635 982 1677 inusitata.
1010 1635 1055 1676 ln
1071 1634 1266 1688 epistulis
1281 1635 1386 1677 satis
1400 1635 1538 1677 multa
1554 1635 1753 1688 exempla
1770 1633 1926 1676 inveni.

387 1705 432 1761 a)
463 1700 545 1760 vpro
577 1706 786 1759 genitivo:
827 1707 862 1748 1.
895 1709 1008 1762 περί
1017 1722 1027 1748 2
1065 1706 1122 1747 Τὰ
1154 1707 1249 1759 περὶ
1282 1707 1629 1762 Βελλεροφόντην
1662 1706 1711 1761 (Ι,
1734 1706 1817 1761 11),
1849 1723 1927 1748 πο-

243 1777 424 1820 λυτελεία
459 1778 482 1832 ἧ
515 1778 611 1831 περὶ
643 1778 716 1832 τὴν
749 1778 906 1819 δίαιταν
938 1778 1025 1832 (VI,
1048 1777 1107 1832 2),
1149 1778 1196 1819 τὰ
1228 1779 1324 1832 περὶ
1355 1778 1452 1825 τοὺς
1490 1779 1639 1832 φίλους
1671 1777 1759 1833 (Vl,
1782 1777 1842 1832 8),
1883 1777 1928 1819 τὸ

0 1874 4 1894 ι
244 1850 418 1905 ἀκριβές
450 1849 609 1892 τούτων
640 1850 735 1903 πέρι
769 1849 856 1904 (VI,
885 1848 966 1905 12),
1006 1849 1052 1891 τὰ
1091 1850 1186 1904 περὶ
1223 1850 1489 1904 Σωκράτους
1527 1850 1657 1905 (xlv,
1686 1851 1724 1899 l;
1753 1849 1839 1904 10),
1881 1850 1928 1890 τὰ

243 1922 338 1976 περὶ
369 1921 531 1976 βύρσας
563 1920 692 1976 (XIV,
716 1920 775 1980 2),
816 1921 862 1962 τὰ
900 1922 995 1975 περὶ
1027 1922 1291 1976 Σωκράτους
1325 1921 1434 1976 (XV,
1463 1921 1515 1976 1),
1556 1923 1602 1963 τοὶ
1635 1923 1731 1975 περὶ
1764 1927 1834 1968 τᾶς
1866 1939 1926 1963 τε-

243 1993 389 2040 λευτᾶς
421 1993 566 2048 (XVI),
599 1999 671 2049 τῆς
703 1994 832 2048 δόξης
862 1994 957 2046 περὶ
989 1995 1062 2047 τὴν
1094 1996 1248 2047 σοφίαν
1282 1994 1432 2049 (XXII,
1455 1994 1514 2049 2),
1555 1999 1626 2048 τῆς
1677 1995 1772 2047 περὶ
1803 1998 1928 2035 ταῦτα

245 2063 315 2123 [τὰ
335 2063 550 2122 θεάματα]
571 2066 879 2124 μεγαλουργίας
900 2066 1182 2121 (ΧΧνΙ11,2),
1204 2066 1250 2107 τὰ
1273 2067 1368 2122 περὶ
1390 2067 1463 2121 τὴν
1483 2067 1674 2121 κεφαλὴν
1698 2066 1930 2121 (XXXIII),

202 2167 205 2170 -
245 2129 338 2179 τῶν
359 2137 456 2191 περὶ
488 2138 561 2191 ἐμὲ
594 2137 826 2192 (XXXIII),
860 2137 906 2178 τὰ
939 2138 1034 2190 περὶ
1066 2143 1138 2179 τοῦ
1171 2139 1340 2191 ἀγαθοῦ
1373 2139 1663 2192 φενακίσματα
1699 2138 1928 2193 (XXXVI).

389 2210 429 2253 2.
469 2212 620 2266 παρά;
663 2209 736 2252 τὰς
775 2209 891 2262 παρὰ
931 2211 1106 2258 ζώντων
1143 2211 1313 2264 δωρεὰς
1357 2211 1443 2264 (Vl,
1476 2210 1528 2265 1),
1575 2211 1647 2264 τὴν
1684 2210 1801 2263 παρὰ
1846 2214 1930 2251 τῶν

243 2282 427 2337 πληθῶν
458 2283 672 2336 εὐφημίαν
705 2282 795 2336 (Vl,
817 2281 875 2336 3),
909 2287 981 2336 τῆς
1005 2283 1121 2335 παρὰ
1152 2287 1236 2324 τῶν
1263 2283 1476 2336 Ἑλλήνων
1503 2283 1666 2329 εὐνοίας
1695 2282 1847 2338 (XXX,
1868 2282 1929 2338 4),

241 2356 388 2410 μῦθον
418 2354 535 2407 παρὰ
560 2354 835 2407 Ἀντιπάτρου
868 2353 947 2408 (8),
987 2359 1058 2408 τῆς
1088 2354 1205 2407 παρὰ
1238 2359 1315 2396 σοῦ
1349 2356 1550 2408 χορηγίας
1577 2354 1686 2408 (12),
1729 2355 1771 2396 αῖ
1812 2356 1928 2408 παρὰ

244 2430 322 2468 σοῦ
355 2426 583 2480 εὐεργεσίαι
616 2425 788 2480 (XXXI,
811 2425 869 2480 2).

389 2498 430 2540 3.
467 2498 541 2540 &uz
584 2499 706 2552 ἥκων
739 2514 795 2544 τις
836 2498 882 2546 ἒξ
927 2499 1068 2539 αὐτῶν
1109 2498 1159 2553 (1,
1181 2497 1241 2553 9),
1285 2498 1413 2553 δόξης
1436 2531 1445 2540 .
1469 2532 1478 2541 .
1502 2532 1510 2541 .
1533 2499 1579 2539 ἔκ
1622 2502 1694 2539 τοῦ
1737 2499 1931 2552 σώφρων

244 2569 347 2611 εἶναι
378 2569 468 2624 (VI,
490 2568 550 2624 3),
582 2569 655 2624 τὴν
687 2570 732 2618 ἐξ
763 2570 913 2625 ἀρετῆς
952 2569 1094 2618 δόξαν,
1127 2571 1184 2616 εἷς
1216 2571 1289 2624 τὴν
1321 2571 1367 2612 ἐκ
1400 2575 1472 2625 τῆς
1504 2571 1723 2624 ἀρεσκείας
1756 2568 1929 2626 [δόξαν]

245 2640 334 2696 (VI,
355 2640 416 2696 3),
449 2641 660 2687 συνθύτας
691 2641 802 2688 τινὸς
834 2642 878 2690 ἒξ
910 2642 1035 2695 ὑμῶν
1067 2641 1240 2698 (XVIII,
1266 2642 1321 2697 1).

388 2714 430 2756 4.
468 2715 608 2765 κατά,
650 2713 724 2768 τὴν
754 2713 861 2755 κατὰ
899 2714 1026 2767 φύσιν
1057 2714 1191 2768 χροὰν
1225 2714 1312 2769 (VI,
1336 2714 1395 2768 3),
1429 2714 1473 2755 τὸ
1507 2714 1608 2755 καθ’
1646 2714 1756 2766 ὑμᾶς
1798 2714 1929 2767 μέρος

245 2783 354 2840 (vn,
374 2783 434 2840 4).

392 2904 416 2946 ¹)
444 2907 756 2949 Kuehner-Blass,
783 2907 929 2940 Griech.
958 2908 1133 2949 Grannn„
1162 2908 1212 2948 ΙΙ,
1236 2909 1265 2949 1,
1293 2917 1327 2948 p.
1351 2910 1429 2941 555.

389 2964 416 3006 7)
443 2966 608 3008 Schmid,
635 2967 664 3008 1,
692 2976 726 3008 p.
750 2969 828 2999 247.
954 2964 980 3007 ³)
1008 2967 1172 3008 Schmid,
1194 2968 1265 3008 III,
1287 2977 1322 3008 p.
1344 2969 1400 2999 90.
1524 2966 1551 3006 ⁴)
1580 2967 1696 3008 Idem,
1725 2968 1787 3009 IV,
1815 2977 1849 3008 p.
1872 2970 1928 3008 96,

387 3024 415 3067 ⁵)
441 3027 606 3068 Eueken‚
637 3027 951 3067 Beobachtungen
977 3026 1071 3059 iiber
1098 3027 1132 3060 d.
1161 3028 1292 3068 Praep.
1320 3028 1379 3059 bei
1407 3027 1632 3068 Aristoteles,
1659 3037 1695 3067 p.
1718 3029 1772 3060 62.

389 3082 416 3126 ⁶)
443 3086 608 3128 Schmid,
635 3087 698 3127 IV,
723 3096 760 3128 p.
781 3088 837 3120 96.
983 3084 1013 3127 ,7)
1042 3087 1158 3128 Idem,
1186 3088 1247 3128 IV,
1274 3097 1309 3128 p.
1334 3089 1412 3120 624.

389 3143 416 3186 ⁸)
444 3147 575 3189 Krebs,
596 3157 631 3188 p.
656 3149 734 3189 100,
759 3149 834 3180 145.
907 3147 934 3187 ³¹)
962 3148 1141 3189 Schmidt,
1168 3157 1203 3189 p.
1226 3150 1306 3189 361,
1328 3149 1407 3180 390.
1476 3145 1515 3188 ¹⁰)
1544 3147 1708 3189 Schmid,
1737 3148 1764 3188 Ι,
1792 3157 1827 3189 p.
1851 3150 1929 3182 399.
