2254 3496
1029 156 1079 195 49

306 261 596 323 ’ἑταιρικάς
627 265 798 321 (XXIII,
821 267 881 321 Ξ),
914 267 1159 310 sodalicius.
1222 267 1365 320 Saepe
1404 267 1444 309 in
1480 267 1725 310 Aristotelis
1764 267 1895 319 libris,

215 338 290 394 qui
320 338 616 381 inscribuntur
647 338 799 380 Ethica
831 339 1124 383 Nicomachea
1158 342 1200 382 et
1232 339 1469 383 Eudemea.
1534 341 1616 394 Ap.
1650 341 1785 383 Thuc.
1820 342 1896 383 tris

213 410 260 451 τὸ
277 410 485 463 ἑταιρικόν
513 409 663 466 (semel
682 430 735 444 =
751 411 1024 463 sodalicium,
1046 412 1110 453 bis
1132 431 1186 446 =
1208 411 1454 466 coniurati).
1499 413 1578 466 Ap.
1602 426 1709 455 recc.
1745 414 1895 455 crebro

218 480 380 538 [Diod.‚
411 481 541 534 P1ut.‚
574 482 699 525 Dion.
733 482 795 532 C..
829 483 947 534 Luc.‚
981 483 1105 536 Diog.
1133 482 1218 539 L.].

359 552 629 611 ἀξιέραστος
668 553 841 609 (XXIII,
867 554 912 609 3)
957 553 1047 610 [τῆς
1079 554 1260 610 ὄψεως).
1325 555 1423 598 Non
1467 556 1547 598 nisi
1589 570 1657 610 ap.
1702 556 1810 599 Xen.
1855 562 1897 599 et

215 625 478 680 posteriores
500 624 649 682 [Plut.‚
672 625 794 676 Poll..
816 625 1004 682 Iambl.].
1042 627 1290 681 Xenophon
1311 628 1482 681 scripsit
1506 628 1686 683 [Kyrop.
1709 631 1750 680 5,
1767 629 1807 677 2,
1823 627 1893 684 9]:

215 686 338 738 τέκνα
370 697 592 750 ἀξιέραστα
634 699 677 739 et
719 696 876 752 [Conv.
912 697 1051 753 ³214]
1095 699 1210 752 ψυχὴ
1255 699 1587 753 ἀξιεραστοτέρα.
1652 700 1727 742 Est
1768 700 1898 752 igitur

213 781 296 823 pro
331 769 448 818 ἄξιος
479 769 670 822 ἐρᾶσθαι.
723 769 809 812 Sed
842 783 940 811 cum
976 770 1057 812 hoc
1084 770 1193 820 1000,
1230 771 1303 812 ubi
1336 771 1518 824 legimus
1551 773 1794 825 ἀξιέραστος
1827 777 1896 826 τῆς

214 841 374 894 ὄψεως,
412 839 675 884 adiectivum
715 842 1006 895 compositum
1042 842 1156 884 idem
1198 843 1342 884 valeat
1384 844 1503 896 quod
1545 844 1729 898 simplex
1768 845 1896 892 ἄξιος,

147 935 151 940 ·
211 912 428 955 recentius
460 926 555 955 esse
589 913 770 956 videtur.
836 914 1039 956 Ceterum
1075 927 1203 957 voces
1236 928 1335 957 cum
1365 916 1579 958 adiectivo
1622 917 1738 964 ἄξιος
1777 929 1896 958 com-

211 983 379 1038 positas
409 984 528 1038 apud
561 984 898 1038 Xenophontem
933 987 1073 1028 solum
1107 989 1150 1029 et
1183 999 1251 1040 ap.
1283 1000 1391 1030 recc.
1428 988 1654 1039 habemus,
1689 991 1736 1030 ut
1762 988 1898 1030 lexica

215 1055 421 1099 indicant.

359 1127 655 1184 φιλάδελφος
699 1129 851 1184 (XXX,
891 1130 974 1184 12).
1038 1130 1181 1173 Semel
1228 1131 1268 1172 in
1313 1131 1542 1185 Sophoclis
1588 1133 1807 1186 Antigona
1855 1135 1898 1174 ct

215 1200 350 1242 semel
382 1213 454 1255 ap.
487 1200 595 1243 Xen.
631 1200 781 1256 [mem.
817 1203 857 1254 2,
879 1201 1002 1257 1317}
1049 1203 1160 1244 Tum
1195 1216 1303 1245 recc.
1339 1203 1487 1258 [LXX,
1522 1205 1650 1255 Plut„
1686 1205 1794 1247 Nov.
1829 1205 1896 1257 T„

215 1271 334 1324 Luc„
368 1270 530 1328 Diod.].
1732 1269 1734 1272 ’

360 1346 571 1400 εὐμαρής
602 1344 831 1399 (XXXVI),
866 1345 1014 1388 facilis.
1077 1346 1240 1388 Poetae
1275 1346 1741 1400 (Aeschyl.,Pherec1·.‚
1776 1348 1897 1395 Bion,

215 1413 356 1466 Pind.‚
395 1415 605 1468 Theogn„
653 1416 767 1467 Eur„
808 1416 911 1467 alii),
955 1417 1062 1458 Plat.
1104 1417 1220 1472 (bis),
1268 1417 1395 1471 Hipp.
1431 1418 1614 1473 (semel).
1683 1420 1898 1472 Imprimis

215 1499 286 1541 ap.
319 1499 428 1529 rece.
463 1485 735 1542 [Herodian.,
771 1488 898 1539 Plut.,
932 1488 1047 1538 Luc„
1080 1488 1328 1545 Themist.].

357 1559 578 1601 Nonnulla
600 1560 762 1602 addam
785 1561 838 1602 de
859 1561 1160 1614 comparativo
1181 1561 1385 1604 adiectivi
1407 1563 1551 1608 πολύς.
1587 1563 1897 1617 Compluribus

215 1630 321 1674 locis
353 1631 582 1675 Offendunt
613 1631 698 1674 hae
729 1632 914 1675 formae:
949 1634 1117 1674 πλείονα
1153 1633 1202 1687 (l,
1230 1634 1284 1688 1),
1317 1636 1475 1676 πλείοσι
1509 1634 1585 1689 (l),
1618 1636 1786 1681 πλείους
1819 1635 1897 1690 (9),

215 1704 408 1749 πλείονος
442 1702 614 1758 (ΧΧΙΧ,
644 1705 688 1752 Q
725 1703 898 1754 XXXII,
923 1704 980 1759 Ξὶ),
1007 1705 1194 1751 πλείονες
1214 1705 1425 1760 (XXXV),
1452 1707 1646 1753 πλείονας
1667 1706 1897 1761 (XXXVI),

215 1787 330 1830 quae
361 1789 387 1818 a
420 1778 616 1818 veterum
649 1789 808 1828 genere
835 1776 1003 1818 dicendi
1025 1776 1278 1819 abhorrent.
1323 1778 1435 1820 Nam
1465 1792 1543 1820 eae
1571 1780 1737 1820 formae
1765 1780 1897 1831 solae,

216 1859 402 1901 quarum
434 1847 628 1889 secunda
650 1847 816 1901 syllaba
841 1848 1054 1900 producta
1070 1851 1149 1899 est,
1177 1849 1217 1889 in
1234 1849 1373 1902 prima
1390 1850 1559 1903 syllaba
1575 1850 1895 1903 diphthongum

215 1918 394 1961 habent.
466 1918 567 1961 Illae
609 1919 813 1972 propriae
854 1919 984 1960 fuisse
1035 1920 1234 1962 videntur
1281 1922 1494 1963 sermonis
1538 1923 1756 1973 cotidiani,
1800 1925 1904 1964 cuni

216 1990 407 2034 maxime
446 1989 726 2032 inveniantur
774 1991 815 2032 in
860 1992 1038 2045 papyris
1057 1994 1100 2043 1),
1144 1993 1185 2033 in
1226 1993 1521 2035 voluminibus
1566 1994 1896 2037 Herculanensi-

216 2062 298 2104 bus
314 2063 360 2113 2),
402 2061 442 2102 in
486 2061 605 2103 libris
652 2061 764 2103 Novi
806 2062 1077 2105 Testamenti
1096 2067 1124 2114 ³³)
1169 2067 1210 2106 et
1251 2065 1527 2118 septuaginta
1575 2066 1832 2108 ludaeorum
1857 2067 1896 2121 ι).

217 2124 360 2177 'Etiam
396 2133 625 2176 Aelianum
662 2136 705 2175 et
737 2134 1049 2177 Philostratum
1084 2136 1403 2190 diphthongum
1448 2155 1479 2178 «ιί
1519 2138 1682 2181 habere
1720 2139 1897 2181 Schmid

216 2205 304 2261 (IV,
337 2219 380 2259 p.
418 2205 471 2247 18
494 2209 567 2256 ss.)
601 2206 807 2249 affirmat.

911 2327 948 2365 3.
977 2325 1034 2365 De
1063 2327 1210 2366 verbis.

359 2399 476 2442 Satis
508 2414 712 2455 magnam
756 2403 927 2457 copiam
972 2405 1218 2455 verborum,
1262 2419 1374 2459 quae
1419 2407 1569 2449 eadem
1613 2407 1899 2460 dispositione

217 2482 322 2513 usus
354 2471 559 2527 deinceps
591 2474 787 2526 afferam,
823 2476 977 2518 inveni.

361 2543 388 2586 l.
420 2546 794 2601 ἀποκοιμίζομαι
826 2548 874 2601 (Ι,
905 2547 948 2602 (i)
982 2549 1272 2591 obdormisce.
1338 2550 1433 2592 Non
1468 2554 1534 2592 est
1568 2551 1645 2592 nisi
1688 2551 1770 2593 hoc
1805 2553 1898 2593 loco

217 2616 260 2656 et
291 2627 362 2669 ap.
396 2615 523 2667 Ρο11.;
558 2618 749 2660 activum
783 2633 851 2673 ap.
889 2620 1104 2674 Alclpllr.;
1141 2624 1242 2663 Veii.
1278 2622 1439 2664 liabent
1474 2624 1825 2677 dnonaujmiofmt.

363 2795 387 2837 ¹)
414 2798 571 2840 Mayser,
599 2808 634 2839 p.
657 2801 711 2832 69.

362 2860 388 2905 2)
415 2863 602 2906 (Ji-oenert,
630 2866 807 2898 Memoria
835 2867 975 2899 Graeca
1005 2867 1305 2909 Herculanensis,
1333 2879 1366 2909 p.
1393 2871 1470 2902 108.

362 2927 388 2968 ²¹)
417 2929 530 2970 Blass‚
557 2939 592 2970 p.
615 2932 669 2963 23.

359 2992 387 3034 ⁴)
417 2994 591 3037 Helbing,
627 2997 790 3028 Gramin.
828 2997 895 3028 der
922 2998 1175 3039 Septuaginta,
1215 3009 1247 3039 p.
1278 3002 1332 3031 54.
1385 3000 1429 3032 cf.
1464 3001 1578 3040 Koch,
1613 3001 1899 3033 Observationes

216 3054 480 3094 grammaticae
506 3055 543 3086 in
571 3056 717 3088 decreta
743 3060 821 3097 etc.,
850 3066 883 3097 p.
908 3059 960 3089 10.

1756 3134 1774 3163 4
