2254 3496
319 320 411 363 υἱέα
443 319 510 363 vel
541 321 655 368 υἱεῖς,
688 320 755 363 vel
788 321 903 366 υἱέας
935 319 1023 374 (VI,
1056 321 1101 370 73
1130 319 1201 370 11;
1236 319 1347 369 XIV,
1381 320 1428 368 ,ῥὶς
1455 320 1501 370 4·;
1535 319 1627 371 XV,
1664 319 1709 369 13
1744 318 1875 370 XVII,

189 385 251 448 4),
283 403 394 448 quas
426 404 571 435 sermo
604 391 794 444 vulgaris
826 391 997 434 illorum
1029 393 1278 445 temporum
1313 405 1399 433 non
1433 391 1522 435 iam
1555 393 1683 433 norat
1700 389 1747 445 1).

333 463 400 508 Ne
431 463 587 518 longus
618 464 714 515 sim,
759 464 863 505 nihil
897 463 1038 506 dicam
1073 463 1127 505 de
1165 475 1323 516 genere
1362 465 1519 505 neutro
1560 462 1873 505 adiectivorum

95 527 273 594 ..·-{-sspro
307 535 584 581 substantivo
603 538 831 590 usurpato,
864 535 981 590 quod
1003 535 1216 577 Atticistis
1236 547 1397 588 magno
1423 535 1521 577 usui
1553 534 1631 577 suit
1649 535 1695 590 ²),
1724 548 1879 588 quam-

47 631 49 633 ·
90 626 147 676 [752
187 620 322 663 quam
357 608 576 663 permulta
607 608 806 662 exempla
840 607 997 651 inveni.

297 744 347 794 b)
379 741 527 802 Quae
559 745 871 797 argumenta
905 756 972 787 ex
1004 743 1275 787 sententiis
1309 744 1375 786 ad
1406 743 1791 798 philosophiam

699 829 1078 882 pertinentibus
1111 829 1371 871 eruantur.

330 927 424 972 Has
459 928 670 982 epistulas
695 928 848 982 primis
882 941 923 982 p.
945 927 1044 971 Chr.
1067 941 1110 971 n.
1144 927 1330 971 saeculis
1363 927 1580 970 exstitisse
1611 940 1698 970 non
1733 927 1877 970 minus

191 998 408 1054 probatur
427 999 697 1053 argumentis
728 1012 781 1041 ex
813 999 944 1042 rebus
965 999 1020 1042 ad
1041 998 1363 1053 philosophiam
1390 999 1690 1053 spectantibus
1715 999 1877 1053 petitis,

78 1069 123 1133 ‘j
141 1130 143 1132 η
185 1083 301 1126 quae
331 1083 448 1114 nunc
479 1072 674 1115 afferam.
739 1071 785 1113 In
819 1071 1023 1114 omnibus
1054 1071 1142 1114 fere
1175 1070 1370 1125 epistulis
1391 1071 1665 1114 continentia
1699 1074 1742 1114 et
1763 1074 1874 1115 lem-

185 1143 388 1198 perantia
419 1144 568 1197 magni
599 1143 902 1195 aestimantur,
931 1147 979 1186 ut
1005 1157 1136 1198 supra
1173 1143 1232 1198 (p.
1255 1144 1358 1196 8ss.)
1394 1143 1577 1186 ostendi.
1619 1143 1873 1186 Cuiusmodi

181 1209 427 1265 sententias
459 1216 541 1259 illis
572 1217 845 1271 temporibus
878 1216 1054 1270 plurimi
1088 1219 1130 1259 et
1162 1216 1514 1270 comprobabant
1554 1219 1596 1258 et
1628 1216 1874 1271 sequeban—

187 1288 320 1345 tufi).
383 1288 592 1331 Nonnulli
625 1291 773 1332 autem
797 1288 881 1332 hac
914 1289 956 1331 in
990 1302 1035 1330 re
1066 1290 1239 1331 tantum
1269 1289 1488 1343 progressi
1520 1291 1636 1340 sunt,
1663 1291 1712 1331 ut
1738 1289 1872 1332 vitam

185 1363 383 1404 veterum
436 1361 697 1416 Cynicorum
745 1361 901 1403 imitati
950 1361 1184 1414 Diogenem
1232 1361 1373 1415 ipsum
1417 1360 1651 1403 severitate
1700 1374 1872 1404 morum

146 1439 148 1442 ’
187 1445 397 1495 superare
440 1433 671 1476 studerent
708 1433 774 1475 vel
821 1433 968 1487 potius
1013 1446 1059 1475 se
1104 1446 1313 1487 superare
1358 1433 1626 1476 simularent.
1690 1432 1788 1484 Qua
1820 1434 1874 1476 de

131 1544 149 1554 „
184 1500 320 1548 causa
371 1517 524 1548 eorum
578 1504 736 1558 longae
795 1504 972 1555 barbae,
1025 1506 1168 1547 vestes
1226 1504 1410 1555 viliores
1474 1504 1632 1548 bacula
1689 1505 1872 1556 nodosa,

30 1594 74 1636 5
107 1571 113 1620 ζ
183 1588 317 1631 perae
346 1574 605 1632 'sordidae⁴)
644 1576 848 1619 omnibus
886 1576 1072 1619 ludibrio
1106 1579 1243 1619 erant.
1309 1578 1368 1618 At
1409 1577 1534 1618 multi
1574 1576 1869 1630 sophistarum

11 1639 68 1681 ’ἶ
116 1683 119 1687 ,
186 1648 268 1692 illis
309 1647 413 1703 ipsis
456 1648 729 1702 temporibus
768 1649 828 1691 ita
867 1649 1065 1691 luxuriae
1118 1662 1165 1691 se
1209 1649 1394 1698 dabant,
1438 1651 1487 1690 ut
1532 1663 1559 1692 a
1603 1649 1751 1691 multis
1797 1649 1873 1692 de-

38 1755 64 1774 ,,,.
117 1729 122 1731 ’
181 1719 440 1764 riderentur.
513 1720 749 1775 Utriusque
793 1721 962 1774 generis
1008 1721 1207 1763 homines
1258 1721 1299 1763 ln
1358 1721 1553 1775 epistulis
1604 1721 1763 1764 nostris
1809 1721 1871 1763 vi-

49 1799 58 1810 ¹
108 1800 114 1805 “
182 1793 456 1847 tuperantur.
519 1791 598 1835 His
630 1806 762 1845 grave
795 1792 1081 1847 opprobrium
1118 1793 1159 1834 in
1205 1795 1328 1835 sexta
1362 1792 1547 1846 epistula
1572 1792 1734 1835 factum
1775 1806 1870 1835 esse

183 1863 402 1907 videmus:
478 1863 531 1908 Οἱ
582 1865 628 1906 δὲ
684 1865 950 1911 πολυτελείας
1004 1864 1083 1918 μὲν
1133 1869 1205 1918 τῆς
1254 1864 1350 1917 περὶ
1401 1864 1475 1918 τὴν
1532 1864 1689 1906 δίαιταν
1746 1865 1872 1906 οὐδὲν

126 1937 130 1942 ’
159 1935 494 1986 ,ἅπολείπουσιη
536 1937 719 1992 ἐσθῆτας
762 1937 808 1978 δὲ
849 1937 1084 1991 διαφόρους
1123 1937 1202 1978 οὐκ
1245 1937 1363 1982 ἔτους
1395 1940 1468 1977 τοῦ
1501 1937 1630 1978 αὐτοῦ
1664 1937 1768 1978 ἀλλὰ
1801 1937 1872 1978 καὶ

33 1986 54 2021 ³·
109 1996 111 1998 ¹
182 2008 352 2065 ἡμέρας
390 2013 463 2064 τῆς
501 2009 629 2064 αὐτῆς
670 2009 982 2063 ἀμφιέννυσθαι
1017 2010 1210 2063 ζητοῦσιν
1252 2007 1387 2049 πολλὰ
1433 2008 1479 2050 δε
1519 2009 1756 2063 χαρίζονῖαί
1800 2019 1872 2060 καὶ

183 2083 270 2126 ταῖς
301 2080 557 2135 ἀπορρήτοις
589 2080 773 2134 ἡδοναῖς.
838 2080 902 2122 Ac
933 2080 1091 2122 faciem
1125 2082 1286 2122 ornant
1318 2078 1681 2122 medicaminibus
1710 2080 1871 2122 extrin-

181 2163 308 2194 secus
339 2151 487 2195 accitis
519 2154 563 2194 et
595 2151 713 2206 quod
747 2165 895 2195 veram
931 2152 1102 2194 virtutis
1134 2151 1315 2204 gloriam
1349 2151 1604 2203 amiserunt,
1644 2152 1723 2202 „ad
1758 2166 1868 2204 eam,

183 2236 298 2279 quae
328 2224 494 2279 pendet
534 2238 586 2266 ex
625 2225 893 2275 adulatione,
940 2223 1210 2278 confugiunt.
1255 2224 1556 2277 largitIOnibus
1599 2225 1871 2279 publicisque

183 2295 324 2351 epulis
355 2296 495 2351 plebis
527 2299 758 2350 captantes
777 2297 1025 2350 plausum“.
1089 2296 1142 2338 Et
1174 2309 1273 2338 cum
1308 2296 1349 2338 in
1382 2296 1604 2350 publicum
1639 2296 1870 2350 prodeunt,

339 2430 364 2471 ¹)
388 2431 548 2473 Thumb,
586 2431 652 2464 Die
685 2431 824 2473 griech.
863 2432 1026 2472 Sprache
1061 2431 1110 2463 im
1148 2431 1322 2464 Zeitalter
1356 2432 1420 2463 des
1455 2431 1719 2473 Hellenismus,
1754 2441 1790 2472 p.
1817 2434 1872 2465 57.

185 2491 345 2533 Mayser,
379 2500 415 2533 p.
445 2493 533 2532 2633
571 2490 854 2532 Meisterhans²³‚
892 2501 927 2532 p.
959 2493 1037 2534 144,
1067 2494 1131 2532 14;
1170 2492 1390 2532 Schweizer,
1423 2501 1457 2532 p,
1485 2494 1570 2531 145;
1608 2492 1771 2532 Schmid,
1800 2493 1870 2533 III,

182 2559 220 2592 p.
241 2551 305 2592 283
332 2551 375 2584 G.
401 2551 581 2593 Schmidt,
608 2561 643 2592 p.
666 2553 812 2592 501ss.;
841 2552 1033 2593 Oroeneru
1060 2561 1095 2592 p.
1120 2554 1197 2584 175.

329 2615 355 2656 2)
382 2617 499 2660 Gohn,
527 2618 641 2650 Bresl.
669 2618 760 2659 phil.
788 2618 896 2659 Abh.‚
923 2618 985 2659 IV,
1013 2627 1048 2658 p.
1071 2618 1127 2650 LI.
1181 2619 1222 2650 G.
1251 2618 1430 2659 Schmidt,
1458 2627 1493 2658 p.
1523 2620 1590 2651 362
1605 2627 1669 2658 ες.;
1705 2618 1869 2660 Schmid,

183 2676 214 2719 1,
239 2685 275 2717 p.
297 2677 362 2717 993
393 2678 579 2720 1965111,
605 2687 641 2719 p.
662 2680 720 2710 45.

327 2740 353 2784 ³)
379 2743 604 2786 Wendland,
638 2744 746 2776 Philo
782 2745 860 2776 und
897 2744 957 2776 die
988 2744 1325 2784 kynisch-stoische
1352 2744 1531 2786 Diatri‘be,
1565 2753 1598 2784 p.
1622 2745 1653 2776 8.
1708 2744 1868 2786 Hobein,

183 2802 236 2835 De
254 2802 420 2836 Maximo
439 2803 554 2844 Tyrio
569 2804 802 2844 quaestiones
820 2804 985 2846 selectae,
995 2804 1115 2847 Goett.
1134 2805 1236 2845 1895,
1257 2814 1292 2845 p.
1306 2805 1361 2836 87.
1377 2804 1614 2846 Rossbroieh,
1636 2805 1687 2836 De
1708 2804 1867 2836 Pseudo-

184 2862 434 2906 Phocylideis,
460 2873 495 2904 p.
518 2865 574 2896 25.

326 2927 353 2971 ⁴)
380 2930 466 2963 Luc.
494 2931 658 2972 Demon.‚
688 2932 743 2972 19,
762 2933 828 2971 48;
857 2931 962 2973 GelL,
991 2931 1054 2973 IX,
1077 2933 1110 2964 2.
1164 2932 1341 2973 Bernays,
1374 2931 1459 2964 Luc.
1494 2931 1570 2963 und
1600 2931 1660 2963 die
1687 2931 1868 2979 Kyniker,

183 2999 220 3032 p.
247 2991 303 3023 48.
360 2990 404 3023 ct.
444 2990 724 3032 Friedlaender,
764 2991 1002 3032 Darstellung
1040 2999 1106 3023 aus
1145 2991 1212 3023 der
1249 2991 1576 3032 Sittengeschichte
1615 2991 1726 3023 Roms
1740 2987 1765 3032 Β,
1804 2991 1867 3031 IV,

183 3059 219 3092 p.
247 3051 326 3083 315.
386 3049 577 3092 Gefleken‚
615 3051 768 3091 Kynika
806 3051 885 3084 und
925 3052 1175 3093 Verwandtes,
1215 3061 1250 3092 p.
1279 3052 1321 3083 53
1337 3060 1381 3083 ss.
1448 3051 1569 3092 Helm,
1609 3051 1748 3083 Lucian
1789 3051 1866 3083 und

184 3110 349 3153 Menipp,
376 3119 411 3153 p.
434 3112 498 3143 371
515 3120 559 3144 ss
