2254 3496
1205 265 1254 304 16

394 374 679 430 ὑψηλοτέρου]
713 374 932 428 petiverit,
972 375 1046 416 sed
1086 374 1203 428 quod
1236 388 1304 416 res
1342 375 1429 417 suis
1467 375 1629 417 viribus
1666 375 1851 419 maiores
1883 375 2060 418 affecta·
2124 374 2125 377 ’

394 446 516 487 verit.
582 445 721 487 Simili
768 446 898 487 modo
942 445 1055 488 illam
1100 446 1376 487 fabulam'in
1420 446 1528 488 libro
1569 446 1796 489 cuiusdam
1837 447 2058 502 anonymi,

395 517 468 570 qui
489 518 582 570 περὶ
605 518 789 558 ἀπίστων
811 517 1071 568 inscribitur,
1093 517 1286 569 legimus,
1307 517 1380 558 ubi
1403 518 1609 571 scriptum
1630 517 1757 572 est¹):
1794 551 1802 559 .
1837 551 1846 559 .
1882 552 1890 559 .
1925 550 1935 559 .
1957 517 2059 560 ἀλλὰ

394 589 466 642 τὴν
498 589 778 641 ἀστρονομίαν
809 588 976 640 μετιὼν,
1016 589 1159 642 ὑψηλά
1199 604 1239 629 τε
1277 592 1452 642 φρονῶν
1498 589 1567 629 καὶ
1604 589 1769 642 ἄστροις
1806 589 1966 642 ὁμιλῶν
2003 589 2060 635 εἷς

395 660 578 712 οἷ’νρανον
610 659 660 699 οὗ
693 664 752 711 τῴ
784 659 911 712 ἵππῳ,
939 659 1040 699 ἀλλὰ
1064 664 1111 713 τῇ
1139 659 1301 712 διανοίᾳ
1328 660 1470 714 ἀνέβη.
1520 659 1699 701 Etiamsi
1725 659 1793 702 hic
1816 672 2060 714 anonymus
2116 683 2120 685 ’

394 743 481 771 non
516 730 628 771 idem
663 732 727 771 est
758 732 891 783 atque
919 730 1173 780 Heraclitus,
1201 731 1268 772 cui
1300 730 1396 773 illae
1419 731 1653 785 ”Ομηρικαὶ
1673 731 1912 785 ἄλληγορίαι
1937 730 2060 772 attri-

397 802 603 852 buuntur,
637 803 782 843 tamen
814 801 998 843 florebat
1040 815 1127 843 non
1160 802 1295 843 multo
1328 804 1430 844 ante
1462 802 1680 844 Christum
1725 803 1876 844 natum
1894 800 1942 856 ²),
1974 813 2061 855 qua

396 875 540 915 aetate
555 872 781 926 explicatio
794 872 1021 925 allegorica
1039 873 1367 926 percrebruerat
1385 875 1427 915 et
1437 875 1530 915 arte
1542 873 1745 916 conclusa
1759 875 1852 917 erat
1866 872 1913 927 3).
1946 872 2062 915 Ante

396 945 524 996 igitur
555 944 625 987 illa
657 946 855 997 tempora
888 945 1001 987 hanc
1034 945 1262 998 epistulam
1295 945 1421 987 scribi
1455 958 1539 987 non
1568 945 1760 998 potuisse
1794 943 2060 988 censendum

397 1029 490 1057 esse
521 1018 642 1068 puto,
675 1029 941 1070 quamquam
975 1029 1061 1058 non
1099 1019 1263 1059 temere
1303 1017 1398 1058 dico
1431 1029 1697 1070 anonymum
1737 1016 1853 1058 illum
1895 1015 2058 1057 fontem

395 1090 544 1129 nostro
577 1086 745 1129 auctori
774 1087 1039 1140 praebuisse.

539 1165 585 1206 In
618 1164 802 1206 eandem
842 1165 1071 1217 epistulam
1104 1164 1258 1206 fabella
1290 1164 1451 1206 inserta
1492 1167 1570 1214 est,
1604 1177 1692 1217 qua
1726 1163 1929 1205 Socrates
1960 1162 2063 1205 dicit

397 1236 674 1278 daemonium
716 1236 757 1277 in
795 1248 940 1289 pugna
979 1236 1034 1278 ad
1075 1236 1240 1277 Delium
1279 1235 1510 1277 commissa
1549 1248 1595 1277 se
1633 1235 1914 1278 adhortatum
1952 1247 2062 1285 esse,

398 1321 465 1358 ne,
505 1321 599 1349 cum
641 1308 683 1348 in
722 1307 897 1349 trivium
931 1307 1130 1358 venisset,
1170 1310 1286 1349 recta
1318 1307 1387 1348 via
1430 1309 1639 1360 pergeret.
1683 1306 1927 1348 ·C0mitum
1974 1317 2062 1356 eos,

399 1379 473 1433 qui
505 1392 648 1421 secum
671 1379 817 1429 issent,
846 1381 1042 1420 servatos
1062 1391 1168 1429 esse,
1190 1378 1396 1431 plurimos
1422 1381 1583 1428 autem,
1619 1377 1691 1431 qui
1710 1366 1934 1419 'voluntati
1957 1389 2064 1420 suae

400 1463 486 1491 non
521 1450 714 1492 obsecuti
748 1453 905 1500 essent,
945 1450 987 1491 in
1027 1449 1215 1491 hostium
1248 1450 1489 1503 equitatum
1527 1449 1726 1491 incidisse
1764 1451 1807 1490 et
1837 1448 1894 1490 ad
1926 1460 2060 1490 unum

402 1522 569 1564 occisos
601 1534 708 1564 esse.
772 1521 904 1562 Cuius
937 1520 1286 1562 narratiunculae
1319 1520 1582 1561 mentionem
1616 1532 1702 1560 non
1745 1519 1907 1561 faciunt
1937 1518 2063 1561 Plato

399 1593 464 1634 vel
498 1592 752 1645 Xenophon,
777 1593 820 1632 et
852 1591 954 1644 quin
987 1604 1013 1632 a
1043 1590 1353 1644 posterioribus
1395 1590 1563 1631 Socrati
1595 1590 1741 1631 afficta
1775 1590 1843 1641 sit,
1880 1603 1965 1631 non
1999 1592 2064 1632 est

400 1664 595 1705 dubium.
658 1663 855 1704 Eandem
888 1662 929 1703 in
969 1661 1187 1703 Plutarchi
1219 1661 1328 1702 libro
1361 1661 1579 1715 (581DE)
1613 1661 1806 1712 legimus,
1850 1674 1937 1714 quo
1970 1661 2064 1702 loco

404 1735 673 1777 Alcibiadem
709 1736 751 1776 et
782 1733 1013 1775 Lachetem
1047 1746 1135 1776 una
1167 1746 1263 1774 cum
1298 1732 1476 1774 Socrate
1501 1734 1696 1773 servatos
1722 1745 1829 1782 esse,
1853 1731 2063 1786 Pyrilam-

401 1806 545 1859 pidem
581 1808 725 1848 autem
763 1808 806 1846 et
838 1807 1004 1846 ceteros
1036 1804 1284 1846 interfectos
1316 1804 1381 1845 vel
1413 1803 1663 1845 vulneratos
1698 1803 1760 1845 vel
1788 1806 1940 1856 captos
1973 1815 2066 1845 esse

400 1880 603 1919 narratur
647 1876 703 1918 ab
748 1875 1076 1928 Epaminondae
1119 1878 1257 1928 patre,
1306 1876 1378 1928 qui
1424 1875 1524 1917 dicit
1570 1888 1615 1916 se
1659 1874 1790 1916 fando
1834 1874 2063 1916 audivisse.

401 1948 540 1999 Quam
584 1947 702 1988 nihili
744 1947 827 1989 hae
859 1947 1056 2000 aliaeque
1090 1946 1260 1988 fabulae
1292 1946 1590 1988 aestimandae
1627 1946 1725 1996 sint,
1765 1946 1923 1999 probat
1963 1945 2063 1987 Vol-

402 2020 619 2073 quardsen
653 2019 711 2073 (p.
751 2018 890 2073 4ls.).
962 2019 1100 2061 Etiam
1129 2018 1244 2071 apud
1279 2018 1527 2060 Ciceronem
1568 2017 1808 2059 invenimus
1845 2017 1961 2059 illam
2002 2016 2066 2058 fa-

403 2091 560 2132 bellam
595 2091 637 2132 in
684 2103 733 2132 eo
772 2090 894 2141 libro,
935 2103 1021 2143 quo
1062 2089 1114 2131 de
1153 2089 1417 2131 divinatione
1454 2089 1542 2141 agit
1578 2089 1625 2142 (I,
1662 2089 1774 2138 123).
1842 2088 1934 2130 Hoc
1972 2087 2066 2129 loco

406 2163 518 2204 idem
547 2162 634 2204 fere
666 2161 846 2214 legimus
877 2167 1009 2214 atque
1040 2161 1081 2202 in
1117 2161 1198 2203 hac
1231 2161 1425 2214 epistula,
1461 2160 1668 2201 nonnulla
1705 2159 1761 2201 ad
1802 2159 1980 2200 verbum
2022 2157 2064 2199 in

405 2235 611 2276 Graecam
646 2233 835 2286 linguam
867 2232 1078 2274 translata
1112 2245 1204 2274 esse
1237 2245 1413 2273 censeas
1442 2230 1557 2272 velut
1586 2232 1643 2276 εἰς
1674 2231 1753 2283 γὰρ
1791 2230 1886 2275 τοὺς
1916 2230 2066 2274 ἱππέας

404 2307 595 2359 ἐμπεσεῖν
626 2309 710 2345 τῶν
741 2305 969 2357 πολεμίων,
1001 2317 1079 2356 pro
1113 2303 1270 2356 quibus
1301 2303 1418 2356 apud
1439 2302 1688 2344 Ciceronem
1720 2301 1925 2354 scriptum
1948 2300 2066 2342 vide-

404 2389 500 2417 mus
539 2376 604 2426 „in
637 2376 824 2417 hostium
855 2375 1094 2428 equitatum
1117 2374 1402 2416 inciderunt“.
1454 2373 1591 2416 Etiam
1613 2373 1757 2415 bacin
1789 2385 1835 2414 re
1849 2371 2065 2414 Ciceronis

403 2448 594 2489 narratio
640 2460 738 2488 cum
780 2446 914 2488 nostri
966 2446 1156 2488 auctoris
1198 2445 1406 2498 congruit,
1456 2444 1570 2498 quod
1615 2443 1805 2497 loquitur
1845 2443 1898 2484 de
1938 2442 2065 2484 trivio

410 2518 649 2573 (διάβασις),
682 2531 779 2560 cum
813 2518 929 2571 apud
962 2517 1242 2558 Plutarchum
1283 2517 1336 2558 sit
1374 2516 1552 2558 comites
1584 2515 1711 2557 aliam
1753 2514 1867 2556 viam
1907 2513 2067 2569 (ἑτέραν

406 2590 520 2637 ὁδὸν,
553 2590 631 2643 οὐχ
663 2591 715 2643 ἢν
747 2589 920 2643 ἐκεῖνος)
960 2588 1056 2630 isse.
1126 2588 1270 2641 Atque
1307 2600 1403 2630 cum
1434 2586 1686 2629 Ciceronem
1719 2599 1771 2628 ex
1797 2585 1914 2627 libris
1939 2583 2065 2626 A-nti—

406 2661 518 2714 patri
551 2661 746 2702 hausisse
778 2660 889 2702 inter
921 2660 1036 2702 viros
1062 2659 1213 2701 doctos
1244 2661 1423 2709 constet,
1458 2657 1814 2699 verisimillimum
1843 2659 1907 2699 est
1932 2656 2065 2710 scrip-

406 2735 544 2774 torem
576 2732 716 2785 ipsum
749 2731 869 2772 illum
902 2734 1125 2774 auctorem
1157 2733 1353 2772 secutum
1386 2742 1503 2785 esse..

548 2804 749 2845 Fortasse
769 2805 921 2844 auctor
943 2802 1095 2844 harum
1117 2802 1356 2843 litterarum
1372 2801 1414 2842 in
1430 2800 1623 2842 Platonis
1645 2799 1802 2852 Gorgia
1823 2798 1927 2854 (470
1941 2798 1976 2840 D
1991 2800 2064 2849 ss.)

408 2875 569 2928 legerat
599 2875 823 2916 Socratem
856 2874 1106 2927 repudiasse
1139 2873 1434 2915 invitationem
1474 2871 1686 2923 Archelai,
1726 2870 1835 2923 regis
1868 2868 2065 2912 Macedo·

553 3019 577 3060 ι)
605 3020 868 3061 Mythographi
895 3019 1117 3060 Graeci,·ed.
1146 3018 1262 3056 Festa,
1289 3016 1358 3058 111,
1385 3018 1417 3058 2,
1444 3025 1478 3056 p.
1500 3016 1554 3048 94.

551 3078 578 3120 ²)
606 3080 737 3120 Christ,
764 3079 889 3112 Gesch.
918 3079 984 3110 der
1007 3078 1143 3118 griech.
1170 3077 1236 3108 Lit.
1252 3075 1265 3093 ⁴
1292 3086 1326 3116 p.
1348 3077 1425 3107 808.

553 3138 579 3183 3>
607 3139 717 3180 Diels,
743 3138 981 3178 Doxographi
1007 3137 1068 3169 Gr.
1096 3145 1131 3177 p.
1153 3137 1195 3167 88
1210 3145 1253 3168 ss.
