2254 3496
1161 269 1210 306 ‘28

352 377 436 417 239
453 375 524 431 C):
578 377 706 430 Δίκην
749 378 981 430 ἐπράξαντο
1026 377 1221 432 Μέλητον
1265 383 1335 432 τῆς
1379 379 1497 433 δίκης
1540 381 1699 434 ἐκείνης
1742 380 1813 421 καὶ
1857 381 2011 433 ἔφυγεν

350 447 475 492 αὐτὸς
506 448 552 488 ἐκ
585 451 657 488 τοῦ
689 448 833 493 ἄστεος
865 448 934 488 καὶ
957 448 1130 488 Ἄνυτον
1161 449 1411 490 κατέλευσαν
1450 450 1516 490 διὰ
1548 450 1787 504 Σωκράτην
1818 451 1859 492 οῖ
1888 450 2010 503 Ηρα-

351 518 527 559 κλεῶται
560 519 600 559 οἱ
632 519 674 558 ἕν
708 522 765 571 τῴ
798 518 953 571 [[όντῳ
985 519 1056 559 καὶ
1087 523 1161 560 νῦν
1199 520 1402 561 δείκνυται
1431 521 1600 562 Ἀνύτου
1638 522 1787 563 αὐτόθι
1824 526 1938 576 σῆμα
1970 521 2014 562 ἓν

353 593 412 641 τῷ
442 589 677 640 προαστείου
712 589 762 630 οὗ
793 589 964 642 μακρὰν
996 589 1224 643 θαλάσσης,
1264 588 1394 643 οὗπερ
1432 591 1502 631 καὶ
1539 591 1712 645 ἔβαλλον
1750 591 1819 633 τὸν
1841 592 2013 633 Ἄνυτον

352 660 391 699 οἱ
417 659 716 712 “Ηρακλεῶται.

492 736 694 778 Fortasse
721 736 801 778 hoc
828 750 963 778 unum
992 750 1140 779 verum
1175 740 1239 779 est
1264 738 1379 791 apud
1413 739 1629 792 quendam
1660 741 1852 782 veterum
1878 739 2010 794 scrip-

353 809 492 848 torum
528 807 655 850 fuisse
683 808 873 862 Anytum
903 808 1158 850 Heracleam
1187 809 1356 861 fugisse,
1390 822 1486 851 cum
1520 810 1572 851 de
1598 810 1752 853 Meleto
1781 810 1882 852 nihil
1908 810 2012 853 certi

350 878 481 920 statui
512 882 671 932 posset,
705 893 791 932 qua
818 880 871 922 de
897 893 1028 923 causa
1054 880 1162 922 alius
1189 882 1312 923 aliter
1337 885 1498 924 narrat.
1562 883 1679 924 Idem
1706 885 1867 936 autern,
1894 883 2012 937 quod

350 952 502 991 auctor
543 952 689 991 noster
729 951 911 1003 scripsit,
956 951 1168 993 habemus
1209 952 1326 1006 apud
1370 953 1605 994 Diodorum
1647 953 1838 995 Siculum
1883 953 2011 1008 (XIV,

352 1020 447 1073 37):
478 1021 646 1062 Ἀὂίκου
681 1021 726 1062 δὲ
758 1026 828 1075 τῆς
859 1020 1110 1077 κατηγορίὰς
1143 1024 1371 1077 γενημένης
1403 1025 1427 1064 ὁ
1454 1024 1589 1078 δῆμος
1613 1025 1876 1078 μετεμελήθη
1903 1024 2010 1078 τηλι-

351 1095 503 1131 κοῦτον
536 1091 669 1144 ἄνδρα
703 1093 887 1144 θεωρῶν
920 1093 1202 1146 ἀνηρημένον·
1244 1094 1388 1146 διόπερ
1420 1093 1516 1140 τοὺς
1553 1095 1918 1148 κατηγορήσαντας
1955 1093 2008 1134 δι’

351 1162 480 1215 ὀργῆς
518 1162 600 1216 εἶχε
638 1163 707 1203 καὶ
748 1163 861 1208 τέλος
893 1164 1088 1216 ἀκρίτους
1121 1164 1368 1206 ἀπέκτεινεν.
1433 1164 1577 1215 Quare
1609 1164 1845 1206 existimem
1880 1164 2013 1218 scrip-

350 1235 487 1274 torem
522 1233 757 1275 Diodorum
792 1234 930 1287 ipsum
961 1235 1026 1276 vel
1060 1234 1150 1276 eius
1176 1238 1399 1277 auctorem
1427 1236 1646 1289 Ephorum
1680 1238 1874 1278 secutum
1901 1248 2011 1278 esse.

492 1309 628 1352 Paulo
670 1310 777 1352 infra
820 1310 1000 1362 legimus
1042 1312 1408 1354 narratiunculam
1457 1312 1744 1359 adulescentis
1788 1312 2010 1354 cuiusdam

350 1380 693 1423 Lacedaemonii.
756 1381 882 1423 Hunc
914 1368 1149 1423 adductum
1183 1396 1330 1424 amore
1356 1382 1558 1433 SocratiS,
1593 1396 1720 1436 quem
1747 1386 1876 1426 antea
1902 1395 2013 1425 nun-

350 1464 482 1503 quam
515 1451 694 1493 vidisset
725 1465 866 1505 neque
899 1453 979 1494 nisi
1012 1454 1128 1495 fama
1161 1453 1444 1505 cognovisset,
1478 1454 1672 1496 Athenas
1706 1454 1886 1496 venisse.
1943 1453 2011 1496 Ad

349 1524 499 1574 portas
540 1524 686 1564 autem
729 1523 781 1564 de
818 1526 962 1565 ⁴morte
1004 1523 1113 1565 illius
1154 1525 1377 1566 certiorem
1421 1525 1581 1566 factum
1622 1525 1677 1566 ad
1709 1525 1924 1567 tumulum
1966 1537 2012 1568 se

350 1593 582 1634 contulisse
629 1594 771 1647 ibique
816 1597 953 1637 totam
999 1597 1171 1636 noctem
1217 1595 1441 1638 mansisse.
1516 1596 1639 1637 Hanc
1684 1608 1777 1638 esse
1821 1596 2009 1639 fabulam

350 1663 471 1705 lacile
504 1664 792 1717 intelligimus.
855 1665 966 1707 Nam
999 1679 1095 1707 cum
1130 1666 1262 1707 animi
1295 1666 1574 1719 plurimorum
1606 1666 1933 1708 Atheniensium
1965 1666 2010 1709 in

350 1734 572 1777 Socratem
607 1735 851 1788 exasperati
885 1739 1041 1787 essent,
1074 1736 1363 1789 periculosum
1404 1740 1495 1779 erat
1526 1739 1696 1779 tantum
1729 1737 1936 1790 temporis
1967 1737 2011 1779 in

349 1806 546 1859 sepulcro
573 1807 663 1848 eius
690 1809 962 1858 commorari,
991 1808 1044 1850 de
1070 1820 1157 1861 quo
1184 1808 1351 1861 publice
1372 1808 1626 1862 supplicium
1655 1811 1876 1862 sumptum
1904 1810 2009 1850 erat.

351 1877 412 1918 Ac
445 1890 531 1918 non
564 1878 750 1920 arbitror
790 1879 872 1920 iam
915 1879 1082 1920 Socrati
1121 1882 1450 1921 monumentum
1493 1880 1650 1921 factum
1683 1893 1790 1931 esse,
1823 1892 2010 1933 quocum

350 1948 417 1989 ille
438 1949 691 1991 adulescens
712 1950 897 2003 colloqui
919 1953 1078 2004 posset,
1107 1952 1153 1992 ut
1182 1953 1247 1992 est
1269 1952 1309 1992 in
1335 1951 1518 2004 epistula
1584 1951 1838 2004 Complures
1863 1953 2011 1993 autem

350 2019 441 2060 dies
480 2033 564 2060 non
598 2021 924 2073 praeterierant,
966 2023 1082 2075 quod
1122 2022 1202 2063 hoc
1235 2025 1430 2079 tempore
1468 2022 1553 2064 iam
1587 2022 1785 2064 nuntium
1820 2021 2011 2065 Socratis

351 2092 505 2132 mortui
541 2092 686 2143 homo,
720 2092 792 2145 qui
825 2093 1046 2135 Socratem
1083 2094 1193 2135 adeo
1226 2093 1443 2145 diligebat,
1476 2094 1567 2134 sine
1599 2093 1730 2135 dubio
1762 2093 2009 2147 accepisset.

494 2169 671 2210 Fontem
695 2170 879 2212 duarum
903 2170 1197 2223 epistularum,
1221 2183 1334 2223 quae
1359 2170 1695 2223 subsequuntur,
1722 2170 1878 2223 quibus
1902 2169 2011 2212 ami-

354 2253 440 2290 cos,
485 2243 527 2281 ut
562 2253 607 2281 se
641 2241 875 2291 visitarent,
918 2241 1084 2291 invitat,
1126 2244 1316 2283 statuere
1353 2254 1583 2294 possumus
1624 2241 1820 2294 quintum
1854 2240 2008 2282 librum

352 2311 608 2352 Anabaseos
642 2311 709 2364 (V,
734 2313 773 2361 3,
797 2313 843 2360 73
880 2312 1009 2365 9ss.).
1073 2312 1168 2362 Quo
1202 2313 1295 2354 loco
1327 2312 1479 2369 eodem
1523 2312 1653 2353 modo
1685 2314 1816 2365 atque
1847 2312 1888 2353 in
1921 2311 2010 2365 epi—

350 2382 463 2423 stula
485 2385 632 2424 narrat
654 2383 896 2436 Xenophon
925 2397 970 2424 se
993 2383 1155 2425 Dianae
1183 2383 1388 2436 templum
1419 2383 1725 2433 aedificavisse,
1754 2383 1872 2424 cuius
1895 2382 2008 2424 diem

350 2453 505 2494 festum
539 2454 773 2506 quotannis
806 2457 916 2507 agat.
982 2454 1120 2497 Etiam
1156 2454 1373 2496 venationi
1412 2454 1573 2508 optime
1612 2467 1657 2495 se
1695 2466 1874 2507 operam
1905 2453 2009 2495 dare

349 2537 476 2578 posse
510 2525 550 2565 in
579 2525 842 2577 ea'regione,
876 2525 948 2566 ubi
975 2525 1152 2567 habitet.
1203 2525 1348 2578 Ipsum
1378 2525 1642 2578 Aristippum
1670 2525 1754 2567 iam
1781 2524 1839 2566 ibi
1865 2524 2007 2567 fuisse.

349 2596 434 2637 Sed
473 2595 587 2637 hunc
624 2596 928 2649 philosophum
963 2596 1262 2649 Xenophontis
1299 2596 1519 2637 inimicum
1556 2595 1684 2638 fuisse
1723 2596 1881 2637 scimus
1899 2595 1932 2650 1)
1965 2598 2008 2637 et

349 2666 450 2708 illud
490 2668 699 2720 templum
741 2668 903 2710 Dianae
941 2681 1027 2709 non
1065 2668 1193 2709 situm
1238 2671 1330 2709 erat
1361 2667 1404 2708 in
1437 2668 1635 2718 Laconia,
1668 2669 1715 2708 ut
1748 2669 1812 2708 est
1844 2667 1886 2708 in
1919 2667 2008 2720 epi-

350 2738 475 2789 stula,
509 2739 584 2780 sed
618 2738 658 2780 in
694 2739 810 2780 Elide
841 2752 977 2792 prope
1009 2739 1196 2792 Scyllum
1229 2739 1370 2781 vicum
1390 2738 1434 2792 2).

494 2810 705 2852 vicesima
731 2810 1047 2863 praetereunda
1074 2812 1151 2861 est,
1179 2823 1274 2852 cum
1305 2823 1445 2863 neque
1472 2823 1497 2852 a
1518 2822 1603 2862 quo
1631 2822 1771 2863 neque
1795 2809 1852 2851 ad
1878 2821 2007 2862 quem

350 2880 453 2922 data
493 2881 547 2921 sit
579 2893 838 2932 cognoscere
876 2881 1092 2933 possimus
1132 2883 1174 2923 et
1206 2881 1322 2934 quod
1355 2880 1457 2922 nihil
1489 2880 1771 2923 memorabile
1803 2879 2006 2922 continet.

492 3024 516 3065 ¹)
547 3026 634 3057 Xen.
664 3035 767 3057 mem.
797 3027 845 3067 11,
869 3028 904 3065 1;
936 3025 1099 3066 Diog.-L.
1123 3027 1172 3066 ΙΙ,
1194 3028 1256 3065 65;
1285 3025 1328 3057 cf.
1356 3026 1506 3065 Natorp,
1528 3025 1707 3057 PauL-W.
1731 3025 1779 3065 ΙΙ,
1803 3026 1833 3065 1,
1859 3033 1894 3064 p.
1916 3025 2003 3063 903;

350 3084 729 3125 Bentley(-Ribbeck),
755 3094 790 3124 p.
813 3086 890 3116 549.

493 3139 518 3182 2)
547 3142 581 3174 L.
610 3142 793 3183 Weniger,
817 3142 948 3174 Jahrb.
975 3142 998 3174 f.
1027 3143 1060 3174 d.
1087 3142 1136 3174 kl.
1164 3142 1204 3173 A.
1234 3143 1275 3173 19
1303 3142 1436 3183 (1907),
1462 3150 1496 3182 p.
1519 3143 1562 3173 96
1576 3149 1619 3173 ss.
