2254 3496
1015 203 1064 240 73

903 313 938 351 5.
969 311 1025 351 De
1054 311 1183 350 hiatu.

341 379 538 422 Transeo
580 391 695 421 nunc
736 379 796 422 ad
841 378 1022 420 hiatum.
1096 377 1234 435 Huius
1277 377 1443 419 vitandi
1484 375 1715 426 rationem,
1760 375 1883 416 cuius

198 451 367 494 initium
401 450 562 494 factum
596 452 662 493 est
700 463 725 491 a
769 448 1097 504 Thrasymacho
1117 448 1163 503 l),
1206 448 1262 491 ab
1302 449 1492 491 Isocrate
1534 447 1625 500 lege
1667 446 1878 506 constitu-

199 525 291 568 tam
325 535 420 566 esse
453 535 582 565 nemo
615 521 765 564 nescit.
831 521 876 571 li,
910 521 983 575 qui
1016 520 1147 574 paulo
1174 522 1274 574 post
1307 520 1399 562 eius
1422 521 1613 562 aetatem
1647 518 1882 569 florebant,

198 594 388 639 maxime
426 606 607 648 operam
647 593 814 636 dabant
853 595 895 635 et
933 592 1175 644 „Isocratea
1214 592 1398 634 artificia
1431 591 1713 635 acerbissima
1746 589 1878 633 cavil-

198 665 361 710 latione
392 664 813 719 persequebantur“,
849 666 897 706 ut
932 664 1015 707 hac
1048 677 1095 706 re
1127 663 1239 705 illius
1273 663 1533 716 elegantiam
1567 663 1883 716 adaequarent,

198 739 332 792 atque
364 736 543 779 Schmid
576 735 679 778 dicit
710 735 764 777 de
798 734 977 790 Polybio
991 735 1043 789 ·-’);
1083 734 1139 776 Er
1172 734 1247 776 hat
1280 747 1363 776 nur
1395 734 1491 776 cine
1522 733 1705 786 'rugend
1740 733 1780 774 in
1806 733 1885 775 der

198 808 627 861 Zusammenfugung
674 807 752 850 der
799 807 950 849 Worte
1000 805 1300 859 festgehalten,
1349 806 1419 849 die
1467 805 1759 858 Vermeidung
1806 805 1884 847 des

198 880 338 924 Hiats.
402 881 461 922 At
492 879 755 936 recentiores
795 892 881 921 non
925 882 1015 921 tam
1059 878 1287 931 diligenter
1325 878 1491 922 hiatum
1535 878 1686 920 vitant.
1752 878 1880 931 Apud

197 951 342 1006 ipsum
377 952 602 1008 Philonem
638 951 813 994 liberius
855 950 1095 993 admissum
1138 963 1232 993 esse
1276 951 1316 992 in
1360 949 1709 1004 antiquitatibus,
1752 951 1796 991 at
1830 949 1883 991 de

199 1023 415 1068 industria
442 1024 626 1067 vitatum
650 1036 745 1073 esse
771 1023 1013 1076 reperimus
1041 1022 1081 1064 in
1106 1022 1223 1064 libris
1245 1022 1299 1065 de
1319 1023 1433 1065 bello
1454 1022 1630 1065 Iudaico
1652 1021 1882 1075 scriptis22).

198 1095 353 1151 Neque
385 1095 600 1139 Diodorus
633 1096 715 1138 Sic.
750 1095 917 1137 hiatum
961 1094 1188 1147 diligenter
1226 1094 1333 1147 fugit
1349 1094 1397 1149 ⁴).
1461 1094 1547 1137 Sed
1587 1093 1882 1148 sophistarum

199 1168 472 1224 temporibus
503 1168 587 1210 hoc
620 1170 926 1210 ornamentum
961 1167 1172 1210 orationis
1199 1180 1285 1209 non
1319 1166 1404 1210 iam
1433 1166 1676 1210 adhibitum
1711 1168 1777 1208 est
1802 1166 1883 1207 nisi

200 1239 242 1282 in
275 1240 392 1295 λόγῳ
422 1240 624 1293 πολιτικῷ
643 1240 690 1294 5),
724 1242 766 1281 et
801 1239 900 1281 inde
932 1239 988 1280 ab
1015 1238 1226 1281 Hadriani
1258 1241 1403 1282 aetate
1430 1238 1610 1280 omnino
1637 1237 1882 1290 neglectum

198 1314 265 1354 est
281 1310 330 1366 6).
396 1311 492 1363 Eos,
526 1311 599 1364 qui
628 1311 713 1362 ,has
746 1310 954 1364 epistulas
986 1310 1250 1364 scripserint,
1272 1310 1446 1364 saepius
1479 1310 1647 1352 hiatum
1682 1309 1884 1362 effugisse

199 1383 401 1427 videmus
435 1383 613 1426 elisione
642 1383 705 1426 vel
728 1382 852 1425 crasi.
900 1383 1108 1425 Attamen
1130 1382 1301 1425 etiamsi
1324 1383 1561 1425 toleramus
1588 1382 1755 1425 hiatum
1784 1383 1885 1435 post

204 1456 451 1508 articulum,
496 1468 740 1509 pronomen
773 1454 1019 1506 relativum,
1058 1456 1159 1509 post
1195 1455 1277 1501 καὶ,
1316 1455 1389 1509 μὴ,
1423 1456 1467 1503 εἰ,
1508 1457 1547 1509 ἢ,
1581 1454 1631 1503 ὦ,
1665 1454 1726 1506 εὗ,
1759 1455 1804 1502 τί,
1837 1454 1885 1506 τί,

199 1527 266 1584 δὴ,
297 1527 396 1582 πρὸ,
431 1528 503 1574 ὅτι,
525 1528 619 1580 περὶ
640 1527 696 1582 ⁷),
729 1529 830 1581 post
857 1527 1041 1570 formam
1075 1527 1230 1570 tertiae
1256 1540 1472 1581 personae
1497 1526 1728 1580 singularis
1755 1526 1886 1568 medii

201 1599 270 1642 vel
300 1599 477 1654 passivi,
510 1612 626 1654 quae
658 1599 700 1641 in
725 1616 786 1640 -αι
808 1599 938 1650 cadit,
960 1599 1002 1641 in
1026 1612 1167 1653 pausa
1201 1600 1335 1650 brevi,
1370 1599 1538 1642 etiamsi
1566 1599 1734 1641 hiatum
1765 1598 1881 1652 igno-

200 1684 375 1715 scamus
407 1673 510 1715 ante
555 1671 728 1714 vocales
774 1672 928 1714 breves
973 1687 1014 1723 α,
1048 1689 1078 1719 ε,
1107 1671 1196 1726 0⁸),
1239 1672 1311 1725 qui
1354 1671 1583 1725 aphaeresi
1618 1670 1742 1714 facile
1774 1671 1885 1713 vita-

200 1745 286 1796 tur,
320 1744 386 1787 vel
409 1745 510 1798 post
530 1743 640 1786 tales
663 1743 849 1795 vocaleS‚
883 1756 993 1797 quas
1025 1744 1295 1796 neglegentia
1320 1743 1592 1786 librariorum
1628 1743 1746 1786 haud
1781 1756 1880 1785 raro

201 1816 466 1871 perscriptas
497 1829 592 1859 esse
625 1816 798 1866 scimUS,
833 1816 875 1858 id
909 1816 1025 1870 quod
1050 1816 1181 1859 etiam
1204 1816 1245 1858 in
1270 1815 1537 1859 carminibus
1563 1829 1695 1870 saepe
1723 1816 1883 1858 factum

202 1891 268 1931 est
283 1887 332 1943 9),
366 1887 490 1931 multi
530 1887 675 1930 hiatus
720 1899 875 1941 graves
918 1890 1100 1938 restant,
1143 1901 1329 1942 quorum
1364 1888 1542 1931 ineunte
1577 1887 1885 1930 dissertatione

201 1959 398 2004 tabulam
437 1960 659 2014 proposui.
724 1960 952 2002 Nonnullis
994 1960 1097 2002 locis
1130 1973 1176 2003 re
1214 1973 1318 2003 vera
1361 1961 1527 2002 hiatum
1568 1960 1752 2002 vitatum
1786 1973 1882 2002 esse

204 2030 416 2074 videmus,
480 2030 728 2074 Substituta
762 2034 827 2074 est
859 2032 973 2073 enim
1008 2031 1239 2086 aliquoties
1266 2032 1448 2085 simplici
1480 2031 1663 2074 relativo
1688 2032 1713 2072 ὅ
1739 2032 1881 2074 forma

201 2101 370 2156 plenior
401 2102 508 2156 ὅπερ
542 2101 668 2158 [ὅπερ
689 2103 805 2144 ἄλλοι
839 2102 887 2157 (Ι,
911 2103 969 2158 2),
991 2103 1096 2157 ὅπερ
1129 2105 1292 2157 ἔφησας
1320 2102 1406 2157 (VI,
1429 2103 1487 2158 5),
1521 2105 1626 2157 ὅπερ
1659 2105 1785 2144 οἴεται
1803 2102 1881 2157 (5),

203 2174 255 2216 δι’
285 2171 403 2228 ’ὅπερ
442 2174 543 2216 οὖὸὲ
573 2173 681 2227 (10),
725 2175 829 2228 ὅπερ
862 2175 914 2229 ἦν
947 2174 1056 2230 (XV,
1088 2173 1145 2230 1)]
1186 2176 1253 2217 vel
1286 2189 1364 2229 pro
1406 2175 1590 2230 simplici
1634 2175 1791 2229 copula
1825 2176 1884 2215 ὅτι

206 2246 368 2300 scripta
401 2247 466 2288 est
498 2246 638 2288 forma
682 2246 783 2288 διότι
823 2245 957 2302 [ἔλεγε
990 2247 1036 2288 δὲ
1069 2247 1170 2289 διότι.
1204 2247 1332 2300 (XIV,
1366 2246 1425 2302 5),
1459 2248 1530 2289 καὶ
1563 2248 1663 2289 διότι
1698 2246 1885 2302 (XXVI),

203 2320 392 2361 πέποιθα
424 2318 495 2360 καὶ
527 2319 592 2360 σοὶ
626 2319 726 2371 διότι
761 2318 933 2373 (ΧΧΙΧ,
967 2319 1028 2373 5),
1056 2320 1212 2373 γράφω
1243 2354 1251 2362 .
1281 2351 1290 2361 .
1317 2353 1325 2362 .
1359 2320 1430 2361 καὶ
1463 2320 1563 2361 ὁιότι
1598 2319 1789 2371 (ΧΧΧΙΙ,
1829 2319 1884 2373 1),

201 2390 390 2444 φανερὸν
411 2391 605 2445 γενέσθαι
633 2391 734 2432 διότι
756 2390 968 2444 (XXXIV,
1003 2390 1068 2446 3)]
1098 2391 1162 2433 vel
1190 2391 1316 2433 simili
1342 2391 1472 2433 modo
1500 2391 1699 2434 sublatus
1720 2389 1886 2447 [οἵτινες

202 2461 487 2515 ἐπιμελεῖσθαι
520 2461 671 2516 (XXII,
700 2462 752 2517 l),
787 2462 832 2503 δὲ·
864 2463 1070 2510 καθάπαξ
1103 2463 1152 2517 (l,
1182 2462 1240 2517 6),
1275 2463 1320 2504 δὲ
1346 2463 1546 2516 καθάπερ
1580 2460 1884 2518 (XXX1V‚2)]

204 2531 268 2574 vel
298 2531 519 2585 mitigatus
546 2535 612 2575 est
632 2531 728 2589 [οἴει.
751 2550 783 2575 τι
807 2534 1010 2587 ἀργυρίου
1035 2533 1085 2589 (Ι,
1112 2534 1172 2589 5),
1198 2535 1306 2588 μέγα
1335 2551 1368 2576 τι
1395 2536 1494 2589 ἡμῖν
1518 2534 1647 2588 (XXI,
1671 2534 1730 2588 3),
1760 2535 1884 2576 οὔπω

350 2648 374 2689 ¹)
403 2649 614 2691 Rollmann,
643 2651 693 2682 De
719 2650 864 2682 numeri
893 2653 984 2682 orat.
1014 2650 1243 2691 primordiis,
1271 2660 1305 2691 p.
1331 2653 1383 2682 13.
1491 2649 1518 2691 ²¹)
1546 2650 1710 2691 Schmid,
1739 2651 1766 2690 I,
1795 2660 1829 2690 p.
1853 2653 1884 2682 2.

347 2705 374 2748 ³)
401 2709 447 2744 G.
471 2709 649 2750 Schmidt,
677 2719 710 2750 p.
735 2711 822 2748 347;
854 2709 1037 2750 Benseler,
1064 2710 1115 2741 De
1141 2709 1259 2751 hiatu,
1286 2719 1320 2750 p.
1343 2712 1423 2742 557.

345 2766 372 2808 ⁴)
400 2759 573 2810 Kaelker,
606 2770 657 2801 De
685 2769 788 2801 hiatu
824 2769 861 2800 in
896 2769 1004 2801 libris
1031 2769 1136 2801 Diod.
1172 2769 1241 2802 Sic.
1269 2769 1405 2812 (Leipz.
1433 2770 1536 2802 Stud.
1566 2769 1638 2810 111,
1666 2778 1700 2809 p.
1730 2770 1797 2800 306
1812 2771 1884 2811 ss.).

348 2826 375 2867 5)
400 2828 564 2870 Schmid,
592 2829 652 2869 IV,
681 2838 715 2869 p.
738 2831 824 2868 4713
856 2829 1038 2870 BenseIer,
1066 2838 1101 2870 p.
1124 2831 1202 2861 557.

347 2886 372 2927 ⁴⁴)
399 2887 559 2929 Norden,
587 2888 831 2929 Kunstprosa,
858 2898 892 2928 p.
916 2889 994 2920 361.

350 2944 373 2983 7)
402 2945 624 2989 Wendland,
653 2948 788 2980 Philos.
817 2948 955 2981 Schrift
980 2948 1074 2980 fiber
1100 2948 1160 2981 die
1186 2949 1406 2990 Vorsehung
1432 2958 1466 2989 p.
1492 2951 1558 2980 106
1585 2952 1619 2981 et
1646 2948 1811 2981 Aristeae
1838 2949 1883 2980 ad

203 3006 450 3039 Philocratem
477 3007 636 3048 epistula
664 3008 702 3039 in
731 3007 853 3040 indice
879 3008 947 3040 sub
977 3017 1066 3041 voce
1092 3008 1274 3050 ‚,hiatus“.
1327 3009 1491 3048 Schmid,
1520 3009 1581 3049 IV,
1609 3018 1642 3048 p.
1666 3009 1745 3040 470.

348 3066 375 3107 ⁸)
413 3076 446 3099 ν.
484 3067 668 3109 Petersen,
704 3068 748 3099 In
775 3067 905 3100 Galeni
943 3068 994 3100 De
1036 3068 1184 3108 placitis
1220 3068 1462 3109 Hippocratis
1497 3071 1531 3099 et
1567 3067 1732 3100 Platonis
1769 3068 1885 3100 libros

205 3126 449 3168 quaestioneS,
476 3136 510 3168 p.
539 3129 594 3159 44.
742 3125 768 3167 ²³)
797 3127 908 3169 Diels,
936 3127 1062 3160 Herm.
1092 3128 1198 3170 XIII,
1226 3138 1260 3170 p.
1283 3131 1343 3161 2s.
