2254 3496
1164 250 1214 288 26

506 360 643 402 Etiam
672 359 879 401 nonnulla
906 359 990 402 alia
1016 361 1272 410 argumenta
1299 359 1490 408 afferam,
1524 370 1636 410 quae
1660 356 1861 410 probant,
1888 367 2021 409 quam

362 432 492 474 stulte
530 432 638 474 haec
680 430 864 484 epistula
911 430 1152 483 conscripta
1194 429 1261 471 sit.
1301 426 1516 471 'Ineunte
1560 427 1741 482 epistula
1786 426 2023 469 Aeschines

363 503 568 556 queritur,
603 502 718 555 quod
753 501 994 555 Xenophon
1028 514 1113 542 non
1142 500 1325 543 Athenis
1349 500 1488 550 fuerit,
1519 499 1597 541 sed
1616 499 1820 552 Spartae.
1883 497 2022 539 Nemo

362 577 506 617 autem
539 574 712 625 ignorat
742 572 1078 625 Xenophontem
1112 584 1227 614 anno
1261 572 1345 612 399
1378 571 1419 612 in
1454 570 1558 612 Asia
1597 570 1726 612 fuisse
1759 572 1800 611 et
1831 569 2022 622 quinque

362 644 534 686 demum
570 643 694 685 annis
725 645 824 696 post
855 656 987 696 quam
1021 643 1220 684 Socrates
1248 644 1444 683 mortuus
1471 643 1596 691 esset,
1630 640 1672 681 in
1699 639 1922 683 Graeciam
1941 647 2022 681 ‘re-

363 715 554 756 vertisse.
619 714 782 755 Deinde
815 713 994 766 legimus
1028 712 1217 766 Gryllum
1247 711 1546 765 Xenophontis
1578 723 1758 764 puerum
1786 709 1852 752 vel
1878 709 2023 763 potius

362 798 449 835 eos,
490 785 560 838 qui
600 797 697 826 cum
738 784 807 825 illo
848 784 1016 833 suerint,
1057 786 1224 836 patrem
1265 782 1350 824 iam
1394 782 1447 823 de
1485 783 1623 823 morte
1655 780 1901 834 philosophi
1931 792 2024 821 cer-

362 856 513 898 tiorem
549 855 710 898 fecisse.
774 856 831 896 At
873 855 989 896 illum
1033 858 1122 896 tum
1166 866 1306 907 neque
1347 853 1502 895 liberos
1544 864 1902 906 nequeuxorem
1944 849 2024 893 ha-

362 928 505 969 buisse
538 928 648 969 inter
679 940 829 968 omnes
862 928 1032 968 constat
1051 926 1093 980 1).
1160 925 1303 979 Atque
1342 924 1382 965 in
1424 926 1509 965 fine
1549 923 1810 977 paragraphi
1842 924 2023 965 octavae

362 999 566 1052 scriptum
601 998 820 1040 videmus:
860 999 910 1039 οὐ
943 998 1022 1051 γὰρ
1055 998 1206 1051 ἀφῖκτο
1240 995 1304 1052 [τὸ
1335 996 1481 1037 πλοῖον
1514 995 1557 1036 τὸ
1589 996 1646 1040 εἷς
1677 995 1828 1048 Δήλιον
1858 993 2023 1048 πεμπό-

360 1086 490 1124 μενον
521 1071 611 1111 κατ’
653 1067 762 1124 ἔτος]
801 1070 866 1109 ἐπὶ
903 1069 1059 1114 πολλὰς
1098 1069 1258 1122 ἡμέρας
1295 1067 1365 1108 καὶ
1403 1067 1483 1107 οὐκ
1522 1065 1574 1120 ἦν
1606 1081 1690 1106 τινα
1730 1065 1916 1106 τελευτᾶν
1947 1064 2022 1118 δη-

360 1141 500 1194 μοσίᾳ,
546 1141 689 1193 ὥσπερ
734 1140 875 1181 οἶσθα·
923 1139 1050 1191 ἱεραὶ
1094 1139 1184 1191 γὰρ
1230 1138 1364 1192 ἦσαν.
1427 1136 1549 1196 Quae
1595 1136 1675 1177 tria
1719 1135 1852 1178 verba
1895 1147 2024 1176 nemo

362 1211 663 1265 Xenophontis
695 1211 940 1264 aequalium
975 1210 1161 1252 scribere
1188 1211 1372 1262 poterat.
1435 1208 1544 1249 Nam
1573 1207 1665 1261 ipse
1692 1220 1777 1249 non
1804 1205 2025 1249 nesciebat

362 1283 455 1324 illos
487 1283 580 1324 dies
606 1296 751 1324 sacros
784 1295 890 1323 esse.
957 1281 1103 1323 Miram
1139 1281 1266 1322 etiarn
1309 1293 1484 1322 causam
1523 1279 1660 1329 affert,
1700 1291 1786 1331 qua
1824 1277 2025 1319 Socrates

363 1357 606 1396 commotus
646 1354 714 1404 sit,
756 1355 802 1395 ut
842 1353 1095 1405 Aesculapio
1135 1352 1292 1404 gallum
1331 1351 1606 1393 sacrificaret.
1668 1349 1814 1403 Ipsum
1847 1347 2021 1391 audias:

363 1426 541 1479 ὀφείλειν
580 1426 659 1479 γὰρ
698 1426 813 1478 αὐτῷ
851 1426 942 1466 κατ’
984 1425 1111 1478 εὐχήν
1150 1439 1249 1474 τινα,
1288 1423 1412 1464 ὁπότε
1450 1423 1616 1476 ἠσθένει
1648 1417 1909 1475 ἀφικόμενος
1940 1419 2024 1461 ἀπὸ

363 1501 433 1550 τῆς
459 1498 502 1537 ἒν
529 1497 669 1550 Δηλίῳ
694 1497 846 1550 μάχης.
900 1495 1005 1546 Quis
1029 1497 1092 1536 est
1119 1498 1207 1536 tam
1235 1494 1405 1544 stultus,
1433 1495 1480 1535 ut
1505 1495 1660 1546 putare
1684 1491 1821 1545 possit
1846 1489 2025 1533 Aeschi-

364 1580 460 1608 nem
495 1569 640 1609 tantas
678 1567 861 1620 ineptias
894 1566 1115 1620 scripsisse
1153 1579 1293 1620 neque
1331 1565 1501 1607 novisse
1533 1577 1679 1606 veram
1713 1576 1891 1606 causam
1924 1561 2024 1615 galli

363 1638 646 1687 sacrificandi,
681 1652 777 1681 cum
811 1639 901 1691 ipse
933 1637 1218 1680 amicissimus
1244 1636 1436 1689 magistri
1463 1635 1653 1689 suerit2).
1717 1634 1911 1687 Denique
1935 1645 2022 1675 non

363 1710 549 1751 arbitror
582 1710 772 1764 Anyturn
800 1710 859 1751 sic
885 1723 931 1751 se
957 1709 1140 1762 gessisse
1166 1710 1207 1750 in
1236 1708 1406 1760 iudicio,
1441 1710 1487 1750 ut
1513 1707 1551 1749 ei
1577 1706 1772 1748 obicitur.
1819 1704 2020 1758 Legimus

364 1781 476 1823 enim
512 1781 573 1836 (3)
599 1816 607 1823 .
631 1815 638 1822 .
661 1816 669 1825 .
692 1784 740 1822 ὃν
772 1783 929 1827 ἐκεῖνος
961 1783 1105 1834 ὥσπερ
1137 1782 1180 1822 ἓν
1219 1780 1474 1822 διδασκάλου
1506 1779 1651 1823 παῖδες
1689 1777 1760 1823 τὰς
1790 1777 1930 1830 ῥήσεις
1959 1775 2024 1816 λέ·-

364 1869 503 1906 γοντες
535 1854 695 1907 ἀναβὰς
727 1854 851 1894 ὁπότε
882 1853 1114 1906 κατηγόρει,
1154 1852 1298 1893 ἐδεδίει
1339 1868 1379 1892 τε
1411 1851 1480 1892 καὶ
1512 1850 1790 1902 ἀπεστρέφετο
1821 1846 1892 1888 καὶ
1924 1847 2024 1888 ἅπε-

362 1996 479 2036 noim>
520 1996 647 2036 αὐτόν
687 2012 727 2036 τε
767 1996 836 2036 καὶ
877 1996 921 2036 τὸ
960 1996 1214 2048 σύγγραμμα
1258 1995 1481 2046 ἐπιτρέψας
1521 1993 1687 2045 κατέβη.
1749 1990 1863 2031 Num
1895 1990 2024 2043 putas

364 2066 479 2107 illum
522 2068 727 2120 Anytum,
771 2067 989 2115 hominem
1032 2067 1072 2107 in
1113 2065 1285 2108 civitate
1318 2063 1663 2118 potentissimum
1682 2062 1733 2116 3),
1771 2061 1852 2103 hoc
1893 2060 2024 2102 modo

364 2137 606 2179 orationem
641 2137 845 2178 habuisse
878 2139 994 2190 apud
1022 2137 1195 2186 iudices,
1229 2148 1412 2189 quorum
1447 2134 1607 2176 multos
1633 2147 1659 2176 a
1685 2132 1875 2175 Socratis
1900 2133 2024 2185 parte

364 2211 481 2250 stare
515 2208 630 2249 haud
664 2208 891 2260 ignorabat
923 2211 1053 2261 atque
1095 2207 1209 2261 apud
1244 2206 1515 2248 adversarios
1548 2205 1784 2247 litterarum
1818 2201 2023 2256 peritissi-

364 2284 490 2320 mos?
563 2279 711 2321 Talem
765 2280 1000 2321 adversarii
1042 2279 1271 2330 imaginem
1315 2278 1543 2319 distortam
1589 2275 1860 2325 Aeschinem,
1904 2273 2024 2316 cuius

363 2364 498 2403 genus
539 2351 750 2393 scribendi
795 2351 1161 2402 elegantissimum
1204 2352 1298 2391 erat
1314 2349 1361 2403 ⁴),
1403 2351 1446 2390 et
1477 2348 1549 2401 qui
1588 2349 1681 2389 arte
1713 2347 1930 2388 mores'et
1961 2343 2023 2386 lo-

365 2422 522 2474 quendi
566 2422 922 2463 consuetudinem
965 2421 1187 2463 hominum
1232 2418 1473 2473 exponendi
1516 2418 1668 2461 ceteris
1707 2416 1959 2470 praestabat
1976 2415 2024 2470 5),

365 2505 451 2533 non
485 2506 786 2545 expressurum
827 2493 956 2535 fuisse
994 2495 1120 2546 puto;
1160 2505 1263 2534 nam
1301 2492 1360 2533 ita
1399 2491 1514 2532 illum
1557 2490 1692 2531 virum
1733 2487 1905 2530 eludere
1936 2499 2023 2528 non

365 2565 536 2616 poterat
568 2563 648 2604 hoc
681 2563 788 2614 lOCO,
822 2576 908 2616 quo
941 2563 1087 2605 scribit
1118 2563 1172 2604 de
1203 2562 1359 2604 iudicio
1393 2563 1435 2603 et
1466 2562 1605 2602 morte
1638 2558 1842 2611 magistri.

507 2634 691 2684 Litteris,
730 2647 843 2687 quae
881 2634 1130 2684 succedunt,
1169 2631 1413 2685 Xenophon
1455 2631 1602 2673 narrat
1642 2628 1833 2683 Gryllum
1873 2628 2023 2680 filium,

365 2705 419 2746 de
451 2718 538 2759 quo
570 2718 701 2758 supra
733 2705 863 2746 locuti
896 2718 1045 2746 sumus
1078 2707 1119 2746 et
1152 2703 1329 2746 comites
1362 2702 1452 2744 eius
1483 2701 1562 2743 sibi
1590 2701 1643 2743 de
1670 2702 1808 2742 morte
1834 2698 2024 2741 Socratis

510 2843 535 2882 ¹)
562 2845 685 2885 Cobet,
711 2845 802 2878 Nov.
828 2844 921 2883 lect.‚
947 2852 981 2883 p.
1004 2844 1081 2874 676.

507 2901 533 2942 ‘·’)
563 2904 649 2935 Plat.
677 2904 773 2943 apol.
802 2904 843 2934 33
860 2903 906 2942 E;
941 2902 1075 2934 Phaed.
1105 2903 1146 2933 59
1164 2902 1209 2940 B;
1239 2900 1399 2940 Diog.-L.
1428 2900 1476 2940 ΙΙ,
1499 2901 1562 2939 34;
1587 2900 1649 2939 60;
1687 2898 1756 2939 ΙΙΙ,
1778 2899 1838 2938 36;
1869 2897 1950 2930 Sen.
1978 2896 2023 2928 de

366 2963 483 2994 benef.
511 2963 539 3002 1,
562 2963 592 2993 8.

508 3019 535 3062 ³)
562 3022 671 3053 Isocr.
699 3021 836 3062 XVIII,
858 3022 919 3052 23:
951 3018 1200 3062 Θρασύβουλος
1226 3017 1285 3051 καὶ
1303 3017 1441 3053 Ἄνυτος
1471 3015 1630 3060 μέγιστον
1652 3014 1718 3058 μὲν
1742 3012 1927 3056 δυνάμενοι
1952 3015 2022 3045 τῶν

364 3079 400 3112 ἐν
426 3084 466 3122 τῇ
491 3078 598 3114 πόλει.

508 3135 535 3177 ¹²)
562 3137 742 3178 Welcker‚
769 3137 826 3169 Kl.
855 3137 1047 3178 Schriften,
1075 3137 1103 3176 1,
1130 3145 1164 3176 p.
1187 3137 1264 3166 412.
1410 3133 1436 3174 ὁ”’)
1465 3134 1637 3174 Diog.-L.,
1663 3133 1712 3173 II,
1732 3134 1786 3164 61.
