2254 3496
1059 183 1105 222 11

381 293 515 337 XXX.
557 293 810 348 Παρήνεγκε
853 296 899 336 δέ
923 311 988 336 σοι
1020 295 1090 336 καὶ
1129 295 1202 349 τὴν
1241 295 1464 336 Διονυσίου
1495 295 1745 348 μοναρχίαν,
1779 294 1926 348 ὥσπερ

241 366 464 422 προσῆκόν
495 382 560 408 σοι
593 366 690 412 τοὺς
721 366 1037 419 ἀσεβεστάτους,
1071 367 1157 408 ἀλλ’
1195 367 1246 408 οὐ
1279 366 1376 413 τοὺς
1408 353 1767 411 σπονδαιοτάτους
1791 367 1922 420 μιμή-

238 439 396 481 σασθαι
432 438 505 480 καὶ
543 438 736 492 ζηλωτὴν
774 442 858 479 τῶν
895 439 1120 486 κακίστων,
1160 439 1246 480 ἀλλ’
1290 439 1340 480 οὐ
1380 442 1463 480 τῶν
1510 438 1785 479 δικαιοτάτων
1818 439 1924 491 γενέ-

237 510 339 552 σθαι
371 508 479 565 (10).

381 579 534 622 ΧΧΧΙ.
577 579 675 624 Rex
708 579 997 623 Macedonum
1031 580 1305 634 admonetur,
1339 583 1387 623 ut
1419 581 1560 622 bonus
1593 582 1636 622 et
1667 580 1832 634 probus
1861 580 1924 622 vir

237 651 295 694 sit
335 654 380 694 et
429 653 478 695 ut
519 651 728 694 beneficia
778 652 922 694 fratris
974 652 1180 695 imitetur.
1263 653 1371 706 Περὶ
1429 653 1621 693 πλείστου
1672 652 1718 693 δὲ
1769 652 1834 693 δεῖ
1880 668 1925 693 σε

237 724 451 766 ποιεῖσθαι
482 725 690 778 σώφρονα
723 723 838 766 εἶναι.

383 799 559 844 XXXII.
605 801 809 843 Amicum
843 801 996 844 decere
1028 803 1164 857 μηδὲν
1190 805 1274 843 τῶν
1297 802 1441 848 καλῶς
1467 802 1652 856 ἐχόντων
1677 802 1926 855 παραλιπεῖν

241 871 322 928 (l).
385 871 530 927 Σοφία
564 873 644 927 γὰρ
678 873 843 927 ἀληθὴς
874 873 1016 927 λέγοιτ’
1045 875 1098 914 ἂν
1121 874 1299 919 ἐνδίκως
1329 874 1552 927 βεβαιότης
1584 873 1655 913 καὶ
1686 873 1816 918 πίστις
1844 871 1922 926 (3).

359 949 550 993 XXXIV.
598 950 774 1006 Iustum}
806 964 901 993 esse
934 964 1022 1002 eos,
1056 951 1130 1005 qui
1162 964 1314 994 revera
1353 950 1567 993 moderati
1608 950 1694 992 sint
1733 950 1924 1004 taliaque

258 1022 419 1074 acIant,
453 1022 644 1066 debitam
679 1023 861 1076 gloriam
896 1023 1117 1077 consequi.

384 1094 558 1138 XXXV.
591 1095 728 1149 ’Έφης
766 1096 911 1142 καλῶς
945 1100 1089 1143 ποιεῖν,
1130 1096 1168 1136 εἰ
1201 1095 1272 1136 καὶ
1310 1095 1436 1140 αὐτὸς
1476 1095 1705 1148 ἀνεχοίμην
1745 1095 1926 1148 ἀπορίας

238 1165 311 1208 καὶ
330 1167 630 1220 πραγματείας.
666 1166 788 1208 Ἀλλὰ
822 1171 897 1208 νῦν
918 1167 1076 1218 δείξεις,
1092 1167 1171 1208 οἶοι
1192 1167 1262 1207 καὶ
1283 1167 1506 1207 Δαναοῖσιν
1527 1166 1717 1220 ἀριστῆες
1735 1167 1927 1219 μετέασιν

241 1239 406 1286 ἀδικίας
438 1239 668 1294 ἀνέχοντες.
1326 1287 1337 1297 ⁴

385 1315 526 1358 Etiam
560 1315 678 1359 aliud
705 1329 940 1358 commune
967 1315 1133 1359 habent
1158 1315 1270 1359 inter
1291 1328 1336 1357 se
1362 1315 1575 1368 epistulae
1602 1315 1792 1369 exceptis
1816 1327 1927 1357 non-

242 1387 376 1445 nullis
403 1381 610 1431 brevibus
650 1391 692 1431 et
731 1388 948 1431 tricesima
987 1391 1125 1439 sexta,
1165 1401 1279 1442 quae
1319 1390 1413 1430 tota
1452 1388 1540 1430 fere
1581 1401 1632 1430 ex
1671 1387 1924 1441 procedenti

238 1459 459 1514 exscripta
490 1462 569 1503 est.
632 1459 916 1502 Praedicatur
948 1460 1152 1510 amicitia,
1198 1473 1284 1501 non
1326 1461 1472 1501 autem
1514 1473 1579 1510 ea,
1619 1472 1732 1513 quae
1764 1459 1928 1513 pendet

247 1544 300 1574 ex
333 1530 528 1586 epistulis
560 1531 800 1574 scribendis
819 1532 866 1585 ¹),
905 1531 981 1573 sed
1022 1531 1202 1583 legimus
1234 1543 1400 1581 eorum,
1441 1530 1514 1584 qui
1548 1530 1756 1584 epistulas
1789 1531 1924 1579 scrip-

237 1603 387 1655 serint,
419 1603 607 1646 alterum
633 1603 758 1646 alteri
778 1603 985 1646 auxilium
1011 1604 1120 1646 ferre
1141 1603 1264 1654 velle,
1299 1603 1332 1644 si
1355 1603 1392 1645 ei
1419 1603 1566 1657 aliqua
1592 1616 1639 1645 re
1665 1615 1776 1657 opus
1798 1605 1924 1646 esset.

381 1681 414 1724 I.
462 1681 519 1722 Τὰ
554 1682 600 1723 δ’
626 1682 683 1727 εἷς
714 1682 958 1734 περιουσίαν
989 1681 1267 1735 πραττόμενα,
1302 1681 1363 1727 οἷς
1396 1683 1447 1722 ἂν
1467 1681 1613 1735 λαβὼν
1643 1682 1926 1734 παρακατατί-

239 1754 402 1807 θωμαι,
434 1753 513 1808 οὐχ
546 1754 731 1807 εὑρίσκω
765 1757 849 1794 τῶν
883 1753 1112 1794 δωσόντων
1149 1769 1224 1805 μοι
1262 1753 1504 1806 πιστότερον
1526 1751 1602 1807 (2).
1660 1752 1787 1806 Παρὰ
1822 1769 1926 1807 χρη-

240 1827 353 1866 στῶν
385 1824 433 1866 δέ
453 1840 527 1878 μοι
558 1825 687 1872 ἔξεστι
720 1826 791 1866 καὶ
823 1825 959 1878 μηδὲν
995 1825 1107 1866 δόντι
1140 1824 1368 1878 λαμβάνειν
1399 1823 1473 1878 (3).
1513 1824 1597 1865 Ἑνὶ
1631 1824 1676 1865 δὲ
1708 1824 1929 1878 κεφαλαίῳ

242 1896 357 1942 εἰκὸς
388 1897 537 1951 φίλους
568 1896 646 1949 μὲν
679 1897 802 1942 ὄντας
833 1897 966 1937 πολλὰ
991 1897 1062 1937 καὶ
1094 1900 1178 1937 τῶν
1210 1897 1329 1938 ἰδίων
1357 1898 1455 1950 ἡμῖν
1480 1898 1758 1951 προήσεσθαι,
1779 1897 1928 1950 φίλους

239 1967 287 2008 δὲ
319 1967 379 2022 μὴ
409 1968 678 2021 ὑπάρχοντας
703 1969 788 2008 ἔνια
810 1968 882 2009 καὶ
909 1972 991 2009 τῶν
1013 1969 1229 2021 ἡμετέρων
1248 1972 1606 2021 προοαποστερεῖν
1627 1969 1816 2022 ζητήσειν
1844 1967 1922 2023 (3).

385 2037 435 2080 ΙΙ.
479 2038 692 2085 ⁴Socrates
738 2037 1089 2092 Xenophontem,
1143 2039 1216 2093 qui
1268 2038 1310 2080 in
1355 2025 1658 2092 Peloponneso
1714 2041 1925 2094 versatur,

238 2109 563 2164 Chaerephonti
598 2110 824 2152 consulere
858 2110 991 2162 iubet,
1027 2111 1143 2164 quod
1178 2110 1235 2152 ibi
1267 2124 1336 2153 res
1369 2110 1572 2153 turbatae
1612 2112 1711 2153 sint.
1748 2144 1756 2153 .
1786 2144 1796 2154 .
1828 2145 1836 2154 .
1864 2110 1928 2153 ὧν

237 2181 506 2236 ἐπιμεληθεὶς
536 2182 696 2223 ἐκεῖνόν
722 2199 762 2223 τε
791 2182 942 2228 σώσεις
966 2183 1101 2235 ἄνδρα
1128 2183 1251 2236 φίλον
1279 2183 1350 2223 καὶ
1371 2184 1470 2236 ἡμῖν
1506 2183 1551 2222 τὰ
1576 2183 1753 2236 μάλιστα
1788 2187 1927 2237 χαριῇ,

382 2253 451 2295 IV.
485 2252 687 2296 Socrates
739 2253 886 2295 scribit
938 2267 985 2295 se
1031 2253 1317 2305 Critobulu-m,
1367 2254 1439 2308 qui
1487 2254 1808 2308 philosophiam
1850 2268 1926 2296 ne-

238 2324 454 2378 glexisset,
499 2325 684 2378 adeam
725 2325 1012 2376 revocavisse,
1050 2326 1209 2379 quibus
1246 2327 1386 2369 verbis
1419 2326 1562 2369 dicere
1596 2327 1687 2368 vult
1720 2340 1765 2368 se
1807 2326 1926 2368 illum

237 2409 387 2439 rursus
419 2397 607 2451 probum
644 2397 781 2438 virum
818 2396 1071 2439 reddidisse.

383 2469 434 2512 V.
467 2469 714 2523 Xenophon
748 2469 1027 2520 admonetur,
1060 2482 1115 2511 ne
1148 2469 1204 2512 ad
1237 2470 1397 2512 bellum
1430 2470 1747 2523 proficiscatur.
1814 2469 1925 2512 Nam

240 2539 521 2583 adversarios
555 2553 654 2582 eum
683 2540 1027 2583 caluniniaturos
1054 2554 1148 2582 esse
1182 2544 1224 2583 et
1244 2555 1331 2595 quo
1358 2541 1627 2595 splendidius
1655 2554 1723 2583 res
1750 2540 1794 2582 in
1821 2541 1926 2583 Asia

239 2613 440 2663 gesturus
471 2611 614 2663 fuerit,
647 2624 699 2653 eo
734 2612 872 2664 magis
906 2611 1025 2653 illum
1058 2625 1287 2665 pressuros
1321 2626 1427 2655 esse.

386 2737 413 2781 ¹)
440 2739 631 2772 Eiusmodi
661 2740 743 2780 loci,
772 2750 864 2780 quos
890 2749 965 2772 non
987 2749 1125 2780 paucos
1146 2740 1287 2781 inveni,
1315 2741 1384 2773 hac
1413 2742 1457 2773 de
1484 2750 1594 2773 causa
1615 2741 1809 2772 omittendi
1831 2745 1927 2782 sunt,

221 2798 344 2840 'quod
370 2800 542 2833 nituntur
568 2801 775 2841 praeceptis
804 2803 968 2832 veterum
996 2800 1406 2841 epistolog1·aphoru1n;
1436 2804 1547 2841 atque
1569 2801 1786 2842 Demetrius,
1815 2810 1925 2841 quem

241 2863 387 2899 vocant,
415 2859 453 2891 in
474 2859 584 2900 libro,
611 2860 676 2900 qui
704 2859 803 2892 τύποι
822 2858 1038 2892 ἐπιστολικοί
1060 2859 1290 2901 inscribitur,
1318 2860 1518 2901 praecipit,
1547 2863 1586 2893 ut
1607 2860 1852 2901 epistularum
1881 2861 1927 2893 ad

241 2918 380 2951 amicos
406 2919 689 2952 scribendarum
718 2919 867 2952 initium
894 2919 963 2951 fiat
988 2919 1046 2952 his
1073 2919 1217 2952 verbis:
1247 2945 1255 2953 .
1278 2946 1286 2955 .
1306 2945 1313 2952 .
1335 2918 1441 2957 εἰδὼς
1468 2918 1506 2953 δὲ
1532 2918 1684 2962 ἐμαυτὸν
1710 2918 1749 2953 τὰ
1774 2918 1863 2963 πρὸς
1889 2919 1927 2953 σὲ

240 2978 392 3022 γνησίως
417 2978 638 3022 διακείμενον
659 3006 667 3015 .
689 3005 697 3014 .
718 3005 739 3021 .,
765 2978 885 3016 καλῶς
911 2978 975 3011 οὗν
999 2978 1156 3023 ποιήσεις
1187 2979 1405 3022 πυκνότερον
1430 2979 1636 3013 ἐπισκοπῶν
1667 2978 1747 3017 τοὺς
1772 2979 1810 3013 ἒν
1835 2980 1926 3022 οἴκῳ

238 3037 289 3082 μή
316 3051 408 3076 τινος
432 3038 562 3082 ἔχωσιν
585 3039 716 3082 χρείαν.
767 3039 811 3072 cf.
840 3039 1018 3081 Hercher,
1051 3049 1086 3080 p.
1109 3042 1124 3072 1
1142 3049 1168 3071 s.
1201 3042 1236 3071 et
1262 3039 1460 3082 Weiehert,
1498 3040 1673 3072 Demetrii
1701 3043 1735 3072 et
1762 3040 1924 3082 Libanii,

242 3099 307 3140 qui
334 3098 507 3132 seruntur
532 3098 632 3132 τύποι
657 3098 868 3132 ἕπιστολικοὶ
893 3102 929 3131 et
953 3098 1203 3141 ἐπιστολιμαΐοι
1230 3103 1465 3143 χαρακτῆρες,
1492 3109 1527 3141 p.
1551 3101 1581 3132 3.
