2254 3496
1141 217 1192 253 40

339 323 535 368 διανοίας.
597 322 749 375 Neque
782 323 1004 375 Isocrates,
1038 337 1135 366 cum
1173 328 1285 368 esset
1328 339 1458 368 senex
1496 328 1732 380 nonaginta
1772 341 2002 380 annorum,

338 393 484 435 animo
527 396 569 434 et
613 406 792 447 corpore
845 394 1028 446 vigebat,
1073 409 1213 448 neque
1263 396 1446 450 scriptor
1495 399 1821 452 comprehendit
1861 399 2001 442 locum

339 464 560 514 orationis,
594 464 714 506 cuius
755 466 886 507 verba
926 465 1005 506 illis
1040 467 1179 508 verbis
1221 469 1437 510 contraria
1477 471 1577 511 sunt
1610 472 1687 520 (or.
1717 470 1764 522 V,
1795 471 1864 514 10:
1908 471 1998 512 ἀλλ’

339 535 464 581 εἰδὼς
503 536 581 588 μὲν
623 536 692 577 τὸν
729 537 855 589 λόγον
895 542 1040 578 τοῦτον
1081 539 1137 578 οὗ
1179 544 1263 592 τῆς
1289 540 1497 595 ἡλικίας
1528 545 1610 594 τῆς
1635 542 1757 595 ἐμῆς
1789 542 2002 595 δεόμενον,

340 606 441 647 ἀλλ’
478 607 664 660 ἀνδρὸς
708 608 963 649 ἀνθοῦσαν
996 609 1079 662 τὴν
1112 610 1279 663 ἀκμὴν
1310 611 1515 664 ἔχοντος
1546 612 1614 652 καὶ
1647 611 1719 666 τὴν
1744 613 1870 666 φύσιν
1894 612 2002 654 πολὺ

340 680 422 717 τῶν
455 677 594 718 ἄλλων
627 676 933 733 διαφέροντος).

482 748 621 789 Etiam
637 748 718 791 hac
732 749 786 791 de
810 762 940 792 causa
962 750 1195 792 Isocratem
1218 751 1621 804 reprehendendum
1644 766 1750 805 esse,
1773 753 1890 807 quod
1911 767 2004 797 ma·

341 819 478 872 lignas
512 819 835 862 criminationes
876 821 1180 875 Olynthiorum
1219 836 1305 864 non
1348 823 1648 866 confutaverit.
1711 824 1797 866 Sed
1839 824 1881 866 id
1913 824 2004 867 eius

342 904 428 932 non
475 894 567 933 erat
586 891 630 945 ¹).
694 891 888 945 Scriptor
933 906 1006 934 eas
1050 893 1142 946 ipse
1174 907 1260 935 non
1304 895 1537 947 redarguit,
1583 895 1712 949 quod,
1757 908 1854 937 cum
1893 897 2006 938 esset

340 962 526 1016 Philippi
558 962 845 1006 amicissimus
877 964 1002 1018 eique
1036 961 1198 1007 ¹faveret
1229 967 1360 1019 atque
1393 969 1581 1020 cuperet,
1628 967 1768 1009 facere
1803 966 2004 1019 debebat,

341 1033 416 1075 sed
450 1033 553 1075 dicit
595 1034 696 1074 ἀλλὰ
730 1035 824 1088 περὶ
855 1035 933 1087 μὲν
965 1036 1124 1077 τούτων
1151 1037 1229 1077 οὐκ
1263 1038 1306 1077 ἓν
1332 1036 1522 1091 ἐπιστολῇ
1547 1036 1655 1090 πρὸς
1686 1038 1731 1078 σὲ
1755 1038 2003 1092 μηκυντέον,

341 1106 366 1145 ἃ
395 1105 441 1146 δέ
472 1105 577 1146 ἔστιν
617 1106 696 1145 οὒκ
734 1106 938 1159 ἐμποδὼν
976 1110 1058 1152 τοῖς
1090 1111 1281 1161 τυχοῦσιν
1319 1109 1456 1155 εἰπεῖν,
1496 1109 1542 1149 ἐκ
1579 1108 1737 1149 πολλοῦ
1777 1124 1816 1149 τε
1846 1107 2004 1162 χρόνου

343 1179 425 1220 τοῖς
455 1179 580 1216 πᾶσιν
606 1177 978 1230 κατασεσιώπηται.
1024 1176 1123 1219 Eius
1150 1177 1278 1229 igitur
1292 1178 1426 1219 multo
1460 1178 1597 1230 magis
1623 1177 1802 1221 interest
1833 1177 2004 1232 sapien-

341 1246 444 1289 tiam
479 1249 698 1290 ostentare
742 1260 874 1300 quam
907 1247 1131 1300 diligenter
1171 1249 1214 1290 in
1253 1249 1454 1292 Isocratis
1492 1250 1732 1293 orationem
1773 1249 2003 1304 inquirere.

341 1318 468 1369 Quod
489 1331 620 1371 quam
653 1331 802 1360 verum
828 1319 896 1370 sit,
924 1318 1046 1361 facile
1072 1320 1357 1372 intellegimus
1384 1334 1435 1363 ex
1464 1320 1602 1362 verbis
1628 1321 2004 1374 subsequentibus,

342 1389 498 1442 quibus
531 1389 725 1431 Herculis
758 1389 962 1442 facinora,
996 1403 1108 1444 quae
1147 1391 1356 1434 Isocrates
1396 1393 1549 1434 afferre
1579 1404 1677 1445 ,non
1717 1391 1806 1434 vult
1820 1392 1867 1447 2),
1900 1403 2006 1434 enu-

342 1462 495 1511 merat,
522 1462 570 1502 ut
602 1460 687 1502 iam
715 1460 814 1502 dixi.

484 1531 719 1573 Isocratem
758 1531 984 1573 Platonem
1023 1531 1164 1585 ipsum
1205 1532 1380 1585 aggredi
1419 1532 1530 1587 (οὔτε
1567 1532 1800 1578 Πλάτωνος
1836 1533 1880 1573 ἒν
1925 1536 2007 1578 τοῖς

342 1602 448 1655 πρὸς
480 1603 525 1643 σὲ
556 1605 810 1656 πεμφθεῖσιν
830 1603 968 1656 λόγοις
1000 1603 1226 1657 ἀπέσχηται
1247 1602 1339 1658 (2))
1362 1603 1530 1656 collegii.
1555 1603 1739 1657 scriptor·
1769 1616 1822 1645 ex
1841 1603 2005 1646 duode-

343 1672 454 1715 cima
488 1674 610 1726 parte
643 1673 851 1715 orationis
868 1672 914 1727 3),
948 1673 1021 1714 ubi
1055 1673 1254 1725 legimus:
1288 1675 1328 1715 οῖ
1359 1679 1534 1715 τοιοῦτοι
1571 1678 1669 1715 τῶν
1690 1675 1829 1727 λόγων
1855 1675 2007 1727 ἄκυροι

343 1746 617 1798 τυγχάνουσιν
650 1746 764 1790 ὄντες
797 1749 878 1790 τοῖς
910 1745 1056 1798 νόμοις
1087 1746 1158 1786 καὶ
1189 1750 1273 1791 ταῖς
1304 1746 1521 1791 πολιτείαις
1558 1745 1641 1786 ὑπὸ
1673 1749 1757 1786 τῶν
1795 1748 2007 1799 σοφιστῶν

345 1817 747 1869 γεγραμμέναις...
793 1815 879 1858 Sed
923 1815 1029 1858 haec
1061 1816 1194 1858 verba
1233 1816 1385 1858 eodem
1423 1816 1515 1858 iure
1554 1829 1651 1858 cum
1692 1815 1749 1858 ad
1788 1815 2006 1870 sophistas

345 1888 437 1928 tum
458 1887 514 1929 ad
535 1886 837 1929 Antisthenen]
862 1887 1009 1928 referri
1029 1890 1226 1941 possunt,
1243 1901 1372 1941 quem
1394 1889 1488 1941 περὶ
1507 1889 1642 1942 νόμου
1657 1890 1682 1942 ἢ
1698 1888 2008 1941 περὶπολιτείας

343 1958 564 2011 scripsisse
595 1959 807 2010 Diogenes
838 1958 1033 2000 Laertius
1066 1958 1152 2014 (VI,
1181 1960 1218 2009 1,
1244 1959 1312 2014 16)
1346 1959 1447 2002 dicit
1479 1961 1522 2002 et
1553 1958 1625 2013 qui
1653 1958 1708 2002 ab
1742 1958 1931 2001 Isocrate
1963 1957 2006 2000 in

343 2029 461 2071 libris
493 2030 722 2083 petebatur
737 2029 786 2084 4).

485 2107 651 2158 Quibus
685 2108 885 2149 omnibus
918 2108 1046 2149 rebus
1079 2107 1220 2150 allatis
1252 2107 1419 2149 elucere
1452 2107 1638 2150 arbitror
1671 2108 1893 2149 auctorem
1926 2119 2005 2148 no-

345 2181 481 2219 strum
517 2179 715 2220 Isocratis
760 2179 1000 2221 orationem
1041 2179 1236 2232 quintam
1282 2179 1419 2221 solam
1453 2178 1622 2220 novisse
1639 2177 1686 2232 ⁵).
1749 2177 1877 2228 Quod
1908 2189 2005 2219 cum

345 2249 405 2292 ita
447 2251 514 2302 sit,
559 2250 698 2292 facere
744 2264 830 2292 non
877 2263 1124 2304 possumus,
1169 2251 1271 2303 quin
1325 2250 1401 2292 has
1443 2250 1605 2293 litteras
1654 2249 1822 2303 spurias
1867 2261 2007 2302 neque

490 2386 515 2428 ¹)
542 2387 673 2420 ΛΙέλλω
708 2387 772 2431 γὰρ
808 2401 861 2421 σοι
896 2387 1145 2431 συμβουλεύειν
1178 2392 1368 2430 προστῆναι
1400 2391 1460 2430 τῆς
1495 2400 1529 2419 τε
1555 2390 1623 2419 τῶν
1643 2385 1821 2429 εΕλλήνων
1845 2385 2008 2429 ὁμονοίας

346 2445 405 2478 καὶ
432 2450 490 2489 τῆς
516 2445 570 2479 ἐπὶ
597 2445 676 2480 τοὺς
700 2445 904 2490 βαρβάρους
930 2447 1106 2488 στρατείας
1133 2448 1199 2486 (Or.
1227 2447 1268 2487 V,
1291 2447 1359 2486 16).
1440 2443 1442 2446 ¹

489 2502 514 2544 ²²)
543 2505 654 2536 Isocr.
681 2514 732 2537 or.
761 2506 802 2545 V,
824 2506 900 2536 110.

490 2561 515 2600 ³)
545 2564 676 2604 Bergh,
709 2564 853 2596 Griech.
887 2564 1192 2604 Literaturgesch.
1219 2564 1248 2604 Ι,
1275 2572 1310 2603 p.
1338 2564 1414 2594 222.
1478 2561 1590 2602 mass,
1617 2562 1686 2592 Att.
1715 2562 1796 2592 Ber.
1816 2559 1836 2602 ¹,
1870 2570 1904 2601 p.
1928 2562 2006 2592 345.

488 2622 515 2661 ⁴)
543 2623 585 2654 cf.
619 2623 829 2664 Schneider,
857 2624 903 2654 ad
932 2624 1041 2655 Isocr.
1070 2623 1111 2663 V,
1138 2632 1171 2662 p.
1196 2624 1271 2653 111.

490 2680 516 2719 ³)
543 2682 708 2713 Fortasse
735 2682 871 2714 dixerit
903 2682 1087 2723 quispiam
1116 2682 1231 2714 verba
1263 2679 1302 2714 τὰ
1326 2679 1390 2723 μὲν
1421 2679 1524 2714 καινὰ
1548 2680 1716 2720 παλαιῶς,
1749 2677 1788 2712 τὰ
1819 2677 1858 2711 ὁὲ
1881 2676 2009 2711 παλαιὰ

347 2743 490 2780 καινῶς,
518 2750 600 2772 cum
628 2750 701 2772 non
727 2744 844 2772 essent
876 2741 915 2772 in
943 2741 1072 2780 quinta
1105 2740 1276 2773 Isocratis
1308 2740 1486 2781 oratione,
1518 2741 1767 2772 demonstrare
1792 2738 2007 2778 scrIptorem

348 2800 616 2839 Panegyricum
645 2801 802 2841 novisse,
830 2800 893 2831 ubi
922 2801 1095 2840 legimus:
1125 2800 1186 2840 (8).
1212 2798 1272 2831 καὶ
1298 2797 1338 2831 τὰ
1362 2797 1492 2841 μεγάλα
1518 2796 1658 2831 ταπεινὰ
1682 2801 1823 2840 ποιῆσαι
1849 2794 1908 2829 καὶ
1941 2799 2010 2832 τοῖς

345 2862 486 2900 μικροῖς
511 2857 659 2902 ΔΜέγεθος
684 2859 876 2900 περιθεῖναι
902 2858 962 2891 καὶ
988 2858 1028 2891 τά
1053 2871 1088 2891 τε
1112 2856 1240 2892 παλαιὰ
1265 2860 1397 2894 καινῶς
1424 2856 1574 2890 διελθεῖν
1603 2855 1663 2890 καὶ
1687 2854 1766 2898 περὶ
1791 2859 1861 2888 τῶν
1885 2852 2009 2888 νεωστὶ

348 2915 584 2959 γεγενημένων
609 2916 765 2959 ἀρχαίως
791 2917 907 2950 εἰπεῖν.
960 2909 1033 2950 8οᾶ
1057 2918 1145 2949 haec
1171 2917 1320 2958 locutio,
1347 2925 1453 2958 quae,
1480 2925 1500 2948 a
1521 2916 1657 2956 Gorgia
1677 2924 1862 2956 procussa,
1890 2913 2006 2945 omni-

347 2977 427 3017 buS‚
460 2976 658 3016 praecipue
690 2977 900 3008 rhetoribus
930 2977 1016 3008 trita
1047 2979 1143 3017 erat,
1180 2976 1305 3007 multis
1341 2975 1430 3007 locis
1468 2975 1674 3015 invenitur,
1716 2983 1873 3014 quorum
1907 2972 2009 3004 Blass

350 3036 419 3074 (ed.
449 3036 559 3067 Isocr.
586 3045 620 3075 p.
641 3037 720 3076 278,
742 3037 776 3075 9)
803 3039 883 3067 octo
910 3039 1076 3067 auctores
1103 3035 1221 3075 affert,
1249 3035 1384 3074 quibus
1410 3034 1608 3074 Syrianum
1636 3034 1733 3065 addo
1760 3033 1812 3073 (in
1835 3033 2008 3072 Hermog-

349 3099 371 3126 t.
401 3095 429 3135 Ι,
456 3105 489 3135 p.
515 3097 568 3136 19,
591 3097 645 3135 23,
674 3095 751 3126 Rab
768 3096 790 3135 ).
842 3096 885 3127 cf.
914 3095 1093 3135 Sheehan‚
1120 3104 1153 3134 p.
1178 3096 1207 3125 6.
