2254 3496
1027 181 1076 218 35

358 289 527 343 Quibus
572 290 702 334 rebus
748 290 874 344 longe
917 291 1092 344 lateque
1136 288 1342 343 expositis
1374 291 1528 332 auctor
1571 289 1700 332 docet
1737 289 1899 344 Philip-

214 375 325 417 pum
359 363 592 406 nonnullos
624 363 842 405 imitatum
875 375 984 414 esse,
1018 362 1091 417 qui
1124 362 1309 404 aliarum
1343 362 1537 414 gentium
1558 362 1765 415 suffragia
1793 363 1899 404 Am-

213 433 520 490 phictyonum,
553 437 789 489 postquam
823 434 879 477 ab
913 434 1114 489 Apolline
1147 436 1190 476 et
1224 433 1407 476 Hercule
1439 434 1506 476 vel
1529 434 1586 477 ab
1613 433 1898 488 Amphictyo-

216 506 349 550 nibus
381 507 486 562 ipsis
517 506 646 550 deleti
678 506 777 558 sint,
811 507 1072 561 acceperint.
1119 506 1245 548 Eum
1278 506 1391 548 enim
1426 506 1514 548 duo
1549 506 1755 559 suffragia
1784 506 1900 548 Pho-

215 579 409 622 censium
449 579 600 622 tulisse
636 579 834 633 praemia
875 578 974 622 belli
1019 577 1213 632 Delphici
1245 579 1416 620 ...καὶ
1456 579 1599 633 λαβεῖν
1637 578 1773 620 ἆθλον
1814 577 1898 634 [ἓν]

219 649 403 698 Πυθίοις
433 655 506 706 τῆς
536 652 594 697 εἷς
626 650 819 704 Δελφοὺς
850 652 1062 704 στρατείας
1092 650 1208 703 παρὰ
1237 654 1321 691 τῶν
1354 650 1679 704 Ἀμφικτυόνων
1717 650 1789 696 τὰς
1822 651 1900 692 δύο

221 721 417 764 Φωκέων
448 722 639 776 ψήφους.
692 722 749 763 At
782 721 1006 776 Philippus
1027 721 1099 765 illa
1133 721 1340 775 suffragia
1367 734 1455 763 non
1488 721 1655 776 Pythiis
1686 722 1790 765 anni
1817 723 1902 764 346

160 783 164 785 ⁵
217 793 398 848 accepit,
437 793 514 836 sed
553 793 637 836 iam
678 796 822 844 antea,
863 794 1009 836 statim
1045 795 1143 847 post
1184 793 1343 834 bellum
1386 792 1676 835 Phocensium
1721 807 1901 847 compo-

215 865 347 909 situm
366 863 413 920 1).
461 865 524 907 ‘In
558 865 738 908 concilio
778 865 955 908 demum
997 865 1369 919 Amphictyonum
1409 864 1694 907 constitutum
1730 868 1809 918 est,
1854 868 1902 908 ut

216 937 444 992 Philippus
476 937 602 980 ludos
633 938 813 992 Pythios
845 941 1007 992 ageret,
1041 937 1084 980 id
1117 937 1234 992 quod
1268 937 1366 980 fecit
1384 937 1416 992 2)
1447 938 1495 991 3).

368 1010 536 1053 Harum
569 1023 714 1053 rerum
756 1011 1006 1062 Isocratem,
1047 1023 1315 1064 quamquam
1357 1011 1404 1051 τὰ
1441 1010 1596 1051 παλαιὰ
1636 1013 1797 1056 καινῶς
1828 1010 1899 1051 καὶ

216 1082 264 1124 τὰ
295 1082 420 1124 καινὰ
451 1083 644 1129 παλαιῶς
663 1083 1022 1136 ἐπαγγελλόμενος
1049 1083 1261 1124 διδάσκειν
1288 1083 1411 1136 λέγοι,
1446 1095 1586 1136 neque
1608 1082 1815 1135 antiquas
1830 1095 1902 1124 res

217 1167 360 1209 neque
392 1168 419 1198 a
451 1154 637 1209 Philippi
672 1154 909 1197 maioribus
941 1156 1018 1197 aut
1050 1155 1106 1196 ab
1139 1154 1211 1196 illo
1233 1154 1326 1208 ipso
1356 1167 1496 1208 nuper
1527 1157 1674 1207 gestas
1710 1167 1902 1196 comme-

219 1239 432 1271 morasse.

360 1298 536 1341 Maioris
569 1298 780 1341 momenti
804 1301 881 1351 est,
904 1299 1023 1352 quod
1050 1301 1244 1341 extrema
1279 1299 1462 1352 epistula
1490 1298 1672 1351 legimus
1701 1299 1901 1352 Aegypto

222 1383 250 1414 a
283 1371 385 1424 rege
415 1370 648 1414 Persarum
671 1374 884 1424 occupata
905 1374 1109 1423 magnam
1145 1370 1335 1424 inopiam
1364 1371 1544 1413 chartae
1572 1373 1770 1413 exortam
1793 1384 1900 1413 esse.

226 1441 358 1495 Quod
394 1445 542 1485 autem
578 1442 648 1485 illa
681 1444 798 1486 terra
842 1456 929 1484 non
971 1445 1074 1485 ante
1106 1455 1271 1484 annum
1317 1443 1402 1484 343
1438 1443 1502 1485 vel
1537 1443 1671 1496 3424)
1712 1457 1737 1485 a
1766 1443 1906 1485 Persis

229 1514 413 1558 subacta
457 1517 537 1566 est,
583 1517 626 1557 et
658 1515 805 1568 inopia
848 1515 1003 1569 papyri
1042 1514 1083 1556 in
1124 1515 1307 1557 Graecia
1350 1528 1437 1556 non
1478 1515 1641 1566 statim,
1681 1514 1757 1556 sed
1803 1517 1903 1569 post

222 1585 387 1641 aliquid
412 1586 622 1641 temporis
643 1586 826 1629 existere
847 1589 1034 1640 poterat,
1056 1586 1106 1629 iis
1140 1586 1192 1628 de
1226 1587 1380 1638 causis,
1402 1587 1659 1640 praesertim
1689 1601 1786 1629 cum
1813 1587 1903 1629 Iso-

226 1660 372 1703 crates
403 1658 647 1701 orationem
681 1659 879 1713 quintam
914 1661 1016 1701 ante
1048 1659 1148 1700 Idus
1180 1659 1315 1701 Julias
1347 1659 1449 1701 anni
1488 1659 1638 1712 346.⁵)
1671 1659 1904 1713 scripserit,

228 1730 423 1774 futurum
456 1730 588 1773 fuisse
620 1731 851 1773 verisimile
883 1743 971 1773 non
1005 1734 1082 1781 est,
1116 1733 1165 1772 ut
1190 1731 1274 1773 hae
1300 1731 1482 1781 litterae,
1516 1732 1551 1773 si
1584 1745 1713 1774 verae
1746 1733 1904 1782 essent,

227 1802 347 1858 apud
390 1802 654 1858 Philippum,
700 1816 796 1845 cum
843 1803 1140 1856 compluribus
1185 1803 1310 1845 annis
1354 1806 1453 1857 post
1498 1804 1613 1847 illam
1659 1804 1902 1847 orationem

223 1875 539 1926 datae'essent,
572 1874 813 1929 quidquam
837 1875 1042 1918 valerent.
1089 1874 1293 1918 Ceterum
1326 1877 1418 1918 tam
1451 1877 1688 1919 absurdam
1722 1889 1901 1919 causam

218 1959 307 1990 non
352 1947 480 2001 plura
523 1946 739 1989 scribendi
783 1947 1055 2002 Speusippus
1099 1950 1214 1990 certe
1255 1960 1340 1990 non
1391 1948 1548 1991 attulit.
1594 1947 1782 2001 Blass⁴³)‚
1826 1947 1900 2001 qui

221 2018 515 2074 Speusippum
549 2022 774 2062 auctorem
807 2019 935 2061 huius
963 2019 1174 2073 epistulae
1195 2020 1400 2071 vindicat,
1435 2020 1535 2062 dicit
1569 2033 1615 2062 re
1637 2033 1740 2063 vera
1767 2020 1901 2074 scrip-

219 2093 311 2134 tam
345 2103 441 2134 esse
470 2093 572 2146 post
614 2104 779 2134 annum
821 2092 922 2143 345,
956 2091 997 2133 id
1040 2092 1158 2146 quod
1198 2092 1397 2134 concludi
1430 2093 1567 2146 possit
1609 2106 1660 2135 ex
1693 2092 1903 2135 adverbio

225 2163 315 2205 τότε
377 2163 504 2206 huius
544 2163 779 2206 enuntiati:
820 2164 921 2205 διότι
958 2165 1053 2217 παρ’
1097 2165 1196 2218 ἡμῖν
1242 2165 1591 2218 ἀναγνωσθέντος
1631 2166 1675 2206 ἓν
1715 2166 1903 2220 διατριβῇ

222 2238 296 2277 τοῦ
327 2235 394 2276 σοὶ
432 2237 704 2289 πεμφθέντος
741 2235 825 2276 ὑπὸ
858 2235 1126 2289 Ἰσοκράτους
1163 2237 1291 2289 λόγου
1331 2237 1436 2277 τότε
1475 2237 1549 2290 τὴν
1581 2237 1658 2289 μὲν
1702 2237 1904 2278 ὑπόθεσιν

220 2306 432 2361 ἐπῄνεσεν.
493 2306 580 2350 Sed
614 2307 696 2349 hoc
729 2307 985 2350 adverbium
1020 2308 1316 2350 collocationis
1349 2321 1480 2351 causa
1514 2322 1599 2350 non
1635 2322 1732 2351 cum
1766 2309 1903 2362 parti-

221 2377 336 2432 cipio
369 2380 642 2433 πεμφθέντος
683 2379 1034 2432 coniungendum
1067 2383 1145 2431 est,
1179 2379 1253 2422 sed
1296 2394 1393 2422 cum
1428 2381 1560 2423 verbo
1601 2382 1800 2435 ἐπῄνεσεν
1833 2381 1899 2422 vel

222 2463 323 2493 cum
355 2451 585 2505 participio
618 2452 979 2505 ἀναγνωσθέντος.

367 2522 497 2574 Quod
532 2523 745 2567 Isocrates
778 2524 820 2566 in
854 2524 1052 2567 oratione
1084 2524 1321 2566 Alcibiadis
1354 2524 1488 2566 exsilii
1509 2539 1559 2568 ac
1586 2525 1750 2567 reditus
1785 2539 1904 2567 men-

220 2593 384 2637 tionem
418 2595 593 2647 fecerat,
615 2596 800 2650 scriptor
826 2596 946 2638 illum
967 2609 1066 2638 cum
1090 2596 1281 2651 Amynta
1302 2600 1427 2650 patre
1449 2597 1635 2651 Philippi
1663 2600 1902 2651 comparat.

221 2665 310 2708 Sed
342 2665 449 2709 haec
481 2667 768 2721 comparatio,
796 2681 909 2722 quae
937 2668 1106 2721 longius
1128 2668 1313 2722 repetita
1339 2682 1435 2711 esse
1463 2669 1565 2710 mihi
1589 2669 1773 2720 videtur,
1808 2682 1904 2711 om-

367 2792 392 2834 ¹)
420 2795 603 2837 Schaefer,
631 2796 732 2828 Dem.
761 2805 795 2828 u.
823 2805 850 2828 s.
878 2796 967 2838 Zeit,
995 2796 1044 2837 II,
1072 2806 1106 2836 p.
1130 2798 1207 2828 283.
1358 2794 1384 2837 ²¹)
1412 2797 1528 2838 Idem,
1550 2797 1601 2838 ΙΙ,
1628 2805 1662 2836 p.
1686 2798 1765 2828 295.

366 2851 392 2893 ²¹)
420 2853 638 2895 Philippum
666 2855 704 2886 in
732 2855 1049 2896 Amphictyonum
1078 2864 1275 2888 numerum
1304 2859 1495 2897 acceptum
1523 2865 1610 2897 esse,
1636 2856 1796 2896 scriptor
1821 2864 1904 2887 cum

220 2919 266 2944 ex
292 2912 378 2944 aliis
403 2912 512 2945 libris
540 2914 660 2954 (Paus.
689 2915 733 2956 X,
766 2917 797 2956 3,
829 2916 847 2946 3
885 2918 919 2946 et
946 2914 1052 2947 Diod.
1085 2915 1183 2955 XVI,
1215 2917 1286 2956 66),
1314 2919 1390 2947 tum
1423 2925 1469 2947 ex
1496 2915 1751 2948 Demosthenis
1783 2919 1905 2956 petere

221 2976 367 3012 poterat
395 2973 453 3015 (cf.
483 2973 657 3006 Schaefer
684 2975 736 3015 ΙΙ,
761 2983 796 3015 p.
819 2975 885 3006 484
914 2978 949 3006 et
975 2975 1061 3006 adn.
1081 2976 1128 3014 2).

364 3031 392 3072 4)
420 3033 629 3075 Kahrstedt,
651 3034 718 3066 Die
737 3034 874 3066 Politik
898 3035 961 3066 des
981 3035 1254 3076 Demosthenes,
1276 3036 1304 3075 Ι,
1326 3045 1359 3076 p.
1384 3037 1439 3067 10.
1475 3036 1520 3068 cf.
1550 3036 1663 3078 Blass,
1692 3033 1763 3076 11'2,
1791 3045 1825 3075 p.
1849 3037 1903 3068 (38.

365 3090 392 3132 ὖ)
420 3092 604 3134 Sellaefer‚
635 3091 706 3134 112,
732 3102 767 3134 p.
790 3095 871 3134 235,
899 3094 985 3126 adn.
1007 3095 1038 3126 2.
1187 3093 1214 3134 ⁴²)
1244 3095 1357 3135 Blass‚
1386 3091 1458 3136 11²,
1486 3104 1521 3135 p.
1543 3097 1598 3136 (38,
1627 3096 1712 3127 adn.
1736 3097 1766 3127 2.

1764 3160 1803 3194 3*
