2254 3496
1197 228 1246 265 54

388 334 547 387 Aesopi
580 335 819 377 ediderunt.
884 336 1083 378 Fortasse
1115 338 1322 390 scriptum
1357 340 1422 380 est
1452 352 1531 392 pro
1557 352 1714 391 genere
1741 341 1897 392 medlo,
1930 342 2050 396 quod

387 405 599 457 significat
631 405 821 447 oblivisci
848 405 1022 459 aliquid.
1086 407 1172 449 Sed
1198 407 1280 451 hoc
1306 409 1446 462 ipsum
1473 409 1651 452 verbum
1679 424 1778 454 raro
1806 412 2046 455 invenimus

390 475 431 516 in
464 476 658 518 oratione
691 477 845 527 soluta,
879 477 1051 530 saepius
1084 481 1229 520 autem
1265 493 1333 533 ap.
1367 480 1494 523 Hom.
1529 483 1571 523 et
1603 481 1710 524 alios
1742 485 1908 535 poetas.

532 546 784 602 ἐκδέχομαι
806 547 973 602 (XXIV,
995 549 1039 602 2)
1063 548 1274 603 [ἓκὸἑχου,
1297 552 1415 596 ὅπως
1434 550 1609 606 βούλει]
1655 552 1876 605 Figurate:
1905 554 2051 596 animo

389 616 595 669 accipere,
631 620 795 670 putare,
829 621 877 660 ut
909 621 974 660 est
1005 632 1071 672 ap.
1106 619 1266 673 Polyb.‚
1301 620 1439 672 Diod„
1474 621 1636 673 lambi„
1669 622 1790 666 alios,

533 690 744 744 περιάγω
786 688 972 743 (XXVII,
994 689 1038 743 2)
1075 689 1306 744 [περιάγων
1341 692 1410 732 καὶ
1446 691 1784 748 περιαγόμενος],
1821 692 2053 746 circumeO,

391 757 699 811 circumvagor,
740 770 869 812 quam
911 760 1130 802 notionem
1171 761 1485 804 intransitivam
1527 775 1612 804 non
1654 763 1865 806 habemus
1896 763 1978 806 nisi
2010 764 2052 806 in
2097 795 2106 801 .

391 828 509 870 libris
542 829 651 870 Novi
683 830 732 872 T.
766 833 808 872 et
840 844 908 884 ap.
944 831 1162 889 Cebetem,
1197 833 1269 885 qui
1296 836 1389 876 erat
1420 834 1560 887 primo
1593 847 1635 888 p.
1671 834 1770 877 Chr.
1797 848 1839 877 n.
1866 836 2052 879 saeculo.

532 902 698 957 ἐγείρω
734 902 939 957 (XXVIII,
963 903 1022 957 2).
1087 904 1167 957 Ap.
1196 907 1298 947 vett.
1333 925 1388 939 =
1421 918 1575 947 somno
1604 905 1811 956 excitare;
1845 907 1928 950 hoc
1961 907 2054 950 loco

394 991 446 1005 Ξ
487 972 732 1024 aedificare,
771 977 1004 1017 exstruere.
1075 975 1267 1018 Eandem
1313 977 1396 1018 vim
1437 977 1533 1019 huic
1572 977 1703 1019 verbo
1742 978 1908 1031 primus
1948 977 2053 1021 Call.

394 1043 492 1096 (Ap.
528 1044 602 1098 64)
648 1045 919 1087 substituisse
960 1046 1141 1097 videtur,
1186 1047 1262 1089 sed
1307 1047 1425 1089 illum
1467 1061 1636 1090 versum
1682 1049 1916 1100 genuinum
1961 1061 2055 1092 esse

394 1114 608 1157 Ruhnken
643 1117 829 1168 negavit.
893 1117 1124 1159 Praeterea
1157 1120 1221 1159 est
1252 1119 1385 1160 semel
1418 1119 1459 1160 in
1486 1119 1618 1161 Anth.
1652 1119 1757 1171 Pal,
1790 1120 1833 1161 in
1865 1120 2055 1162 carmine

392 1186 540 1228 incerti
574 1188 776 1238 auctoris,
810 1188 883 1241 qui
915 1189 1061 1230 floruit
1098 1189 1212 1232 circa
1243 1203 1405 1232 annum
1439 1191 1526 1232 400
1558 1204 1596 1244 p.
1631 1190 1730 1234 Chr.
1770 1204 1811 1233 n.
1846 1192 1904 1245 (9,
1936 1190 2054 1246 696),

394 1257 475 1310 Ap.
510 1271 618 1300 rece.
651 1259 836 1312 passim:
870 1260 975 1303 Poll.
1010 1260 1068 1314 (7,
1094 1261 1198 1310 12ξ);
1233 1262 1268 1312 1,
1290 1261 1415 1316 225);
1446 1255 1567 1304 Dion.
1590 1262 1636 1304 C.
1662 1261 1849 1316 (42,12;
1884 1262 2050 1314 62,23;

394 1329 465 1380 42,
488 1328 577 1383 48),
610 1330 863 1383 Herodian„
895 1331 1016 1374 alios.

533 1400 756 1455 μαλακῶς
794 1405 890 1458 ἔχω
925 1403 1094 1457 (ΧΧΙΧ,
1129 1403 1169 1458 l)
1212 1423 1267 1438 =
1306 1405 1601 1457 μαλακίζομαι,
1643 1406 1834 1456 aegroto.
1896 1403 2055 1446 Suidas

396 1471 498 1514 dicit
540 1472 598 1526 (p.
633 1474 733 1525 691,
779 1474 844 1516 ed.
878 1473 1051 1529 Bekk.):
1098 1476 1140 1515 ἐν
1184 1480 1268 1520 ταῖς
1312 1476 1451 1521 νόσοις
1493 1476 1619 1529 φασὶν
1656 1476 1827 1516 Ἀττικοὶ
1867 1475 1938 1521 τὰς
1979 1475 2058 1528 μὲν

398 1548 596 1595 γυναῖκας
627 1546 944 1596 μαλακίζεσθαι,
978 1546 1072 1591 τοὺς
1105 1546 1150 1587 δὲ
1182 1547 1339 1598 ἄνδρας
1372 1547 1572 1587 ἀσθενεῖν.
1629 1546 1745 1588 Idem
1773 1547 1899 1589 asieri.
1930 1546 2056 1589 Phot.

398 1614 445 1668 (I,
479 1627 520 1667 p.
553 1615 638 1657 403
673 1616 739 1657 ed.
773 1616 917 1670 Nab.).
983 1617 1041 1658 At
1081 1617 1355 1670 posteriores,
1397 1620 1444 1659 ut
1484 1617 1552 1660 hic
1582 1618 1779 1671 scriptor,
1820 1618 1891 1660 illo
1924 1617 2056 1679 verbo

398 1686 451 1728 de
485 1686 583 1728 viris
623 1690 817 1731 utuntur.
883 1688 982 1742 (los.
1017 1689 1137 1731 Antt.
1180 1689 1343 1740 XVIII.,
1378 1692 1417 1740 6,
1448 1689 1566 1744 893).
1637 1689 1814 1732 Locutio
1853 1689 2059 1742 μαλακῶς

398 1759 482 1811 ἔχω
525 1772 612 1800 non
654 1759 808 1812 legitur
849 1762 950 1801 ante
982 1760 1081 1802 Luc.
1126 1760 1196 1814 (de
1229 1759 1347 1802 deor.
1381 1762 1421 1811 9,
1454 1762 1469 1801 1
1517 1763 1560 1802 et
1597 1761 1649 1802 de
1681 1760 1754 1801 vir.
1789 1759 1896 1803 Gall.
1928 1772 1964 1802 c.
1998 1758 2056 1813 9),

398 1829 510 1880 Arr.,
543 1830 743 1873 Philostr.
791 1831 865 1872 Est
892 1830 1021 1873 etiam
1049 1831 1090 1872 in
1119 1830 1207 1874 vita
1233 1832 1410 1874 Homeri
1444 1834 1494 1884 (c.
1517 1831 1604 1886 34),
1632 1831 1854 1874 Herodoto
1879 1831 2056 1883 tributa,

399 1914 511 1954 quae
543 1902 702 1955 scripta
735 1904 800 1944 est
831 1903 1007 1944 Luciani
1040 1905 1184 1945 aetate
1203 1902 1252 1957 1).

540 1971 760 2014 πλουτεῖν
799 1972 1006 2015 πλοῦτον
1048 1973 1218 2027 (XXIX,
1250 1973 1309 2028 4).
1378 1974 1487 2017 Vett.
1527 1973 1842 2016 coniunxerunt
1878 1972 2058 2015 verbum

398 2043 587 2084 πλουτεῖν
629 2057 723 2086 cuni
766 2044 966 2096 genitivo
1047 2045 1263 2099 [Aeschyl.
1308 2045 1476 2097 fragmt.
1511 2045 1611 2096 225,
1657 2045 1765 2087 Xen.
1806 2044 1936 2087 anab.
1971 2043 2059 2095 VII,

402 2116 440 2165 7,
461 2115 540 2164 42;
583 2115 712 2158 Arist.
747 2116 912 2169 republ.
947 2116 977 2167 I,
1021 2130 1053 2158 c.
1090 2115 1152 2171 6]‚
1192 2129 1301 2159 rccc.
1342 2129 1437 2158 cum
1472 2116 1732 2158 accusativo.
1796 2114 1918 2171 [Luc.
1950 2115 2058 2157 Tox.

401 2200 434 2228 c.
456 2187 532 2228 45:
566 2188 630 2228 πλ.
660 2188 820 2240 ἀρετήν,
853 2187 1061 2230 Themist.
1090 2200 1150 2230 01'.
1178 2188 1213 2239 1,
1242 2201 1280 2240 p.
1310 2189 1358 2229 17
1376 2189 1428 2229 C:
1460 2188 1525 2229 πλ.
1552 2188 1712 2240 φίλους,
1745 2187 1815 2238 22,
1835 2200 1877 2240 p.
1898 2187 1983 2229 267
2000 2186 2057 2229 A:

399 2259 466 2299 πλ.
501 2257 672 2313 φιλίαν]
738 2258 878 2300 Verba
908 2260 1096 2299 πλουτεῖν
1128 2259 1307 2300 πλοῦτον
1339 2271 1408 2312 ap.
1442 2259 1542 2301 Luc.
1576 2258 1714 2300 solum
1749 2257 1876 2311 (Tim.
1910 2270 1946 2299 c.
1977 2257 2058 2306 48;

400 2329 544 2372 Prom.
579 2343 612 2371 c.
640 2328 724 2383 15).

543 2398 733 2442 ἀναλύω
776 2400 944 2454 (ΧΧΙΧ,
976 2401 1035 2455 5).
1099 2401 1172 2442 Est
1212 2413 1290 2453 pro
1332 2401 1463 2442 verbo
1505 2399 1730 2451 moriendi,
1773 2401 1820 2441 ut
1858 2399 1901 2440 in
1943 2397 2060 2440 libris

403 2471 510 2513 Nov.
543 2472 592 2513 T.
628 2474 667 2512 et
700 2471 1013 2522 Atticistarum,
1047 2472 1120 2525 qui
1152 2474 1362 2514 vocantur
1378 2472 1425 2526 2).

542 2544 742 2598 μηκύνω
773 2545 886 2598 περί
913 2558 1037 2592 τινος
1070 2543 1219 2597 (ΧΧΧ,
1243 2543 1302 2598 5).
1367 2543 1499 2585 Vett.:
1544 2559 1644 2597 μηκ.
1678 2543 1723 2589 τὶ,
1756 2541 1878 2584 Diod.
1911 2543 1955 2584 et
1986 2540 2060 2592 alii

402 2627 509 2656 POCC.
541 2630 641 2667 μηκ.
673 2615 780 2666 περί.

545 2683 837 2734 διασκευάζω
871 2684 1020 2738 (ΧΧΧ,
1054 2684 1137 2738 13),
1173 2684 1330 2726 librum
1362 2685 1588 2737 corrigere,
1620 2685 1871 2734 retractare,
1903 2683 2060 2724 iterum

403 2768 639 2804 recensere,
678 2758 723 2797 ut
756 2755 1025 2808 grammatici
1064 2756 1203 2798 dicere
1241 2755 1451 2798 solebant.
1517 2755 1611 2797 Non
1644 2758 1745 2797 ante
1777 2753 1897 2796 Diod.
1932 2753 1979 2808 (I,
2001 2751 2062 2807 5),

403 2827 605 2878 Diog.L.,
649 2827 755 2878 Gal„
798 2827 955 2869 Athen.
998 2826 1087 2881 (15,
1126 2840 1167 2880 p.
1203 2828 1288 2869 663
1304 2827 1368 2881 C),
1418 2827 1561 2869 Schol.
1605 2826 1662 2868 ad
1701 2826 1829 2868 Hom.
1862 2825 1910 2876 B,
1951 2824 2060 2874 807;

411 2898 461 2948 ll,
484 2899 591 2947 (5663
626 2899 677 2949 Σ,
700 2899 785 2940 356
803 2898 849 2952 3).

548 3012 573 3052 1)
601 3014 891 3046 Christ-Schmid
906 3011 930 3054 5,
957 3023 991 3053 p.
1015 3015 1069 3054 33,
1097 3013 1180 3045 adn.
1216 3015 1245 3044 3.
1437 3010 1463 3051 ’·’)
1491 3011 1651 3053 Schmid,
1678 3021 1712 3051 p.
1736 3012 1813 3052 718,
1843 3012 1919 3043 719.

548 3069 571 3111 ³)
599 3073 643 3103 cf.
665 3072 904 3104 Casaubonus
924 3072 970 3103 ad
991 3072 1120 3103 Athen.
1148 3081 1182 3111 p.
1203 3072 1281 3111 210,
1303 3073 1379 3102 212.
1431 3071 1475 3102 cf.
1496 3071 1619 3111 Lehrs,
1639 3071 1690 3101 De
1710 3068 1912 3101 Aristarchi
1931 3067 2063 3100 studiis

407 3131 612 3162 Homericis
628 3130 651 3171 ³,
678 3140 711 3171 p.
735 3133 813 3172 349,
841 3131 904 3171 qui
932 3134 1035 3171 putat
1060 3131 1163 3162 illam
1191 3130 1376 3162 notionem
1410 3130 1455 3161 ab
1483 3128 1746 3161 Alexandrinis
1776 3129 1949 3160 novatam
1975 3135 2060 3159 esse.
