2254 3496
995 193 1047 234 79
1637 202 1660 229 s

862 358 1194 423 Peroratio,

113 531 117 534 .
204 491 211 501 ¹
269 476 271 478 ³
329 488 479 533 Liceat
503 489 655 544 paucis
698 489 841 532 verbis
879 489 1028 532 omnia
1068 488 1310 543 complecti.
1375 489 1438 531 Ac
1470 488 1660 542 primum
1693 489 1870 542 quidem

244 594 271 612 ,
303 572 415 617 quas
453 561 666 616 epistulae
708 561 946 612 continent,
987 574 1068 604 nos
1106 560 1365 614 impediunt,
1410 560 1646 614 quominus
1685 574 1760 604 eas
1798 573 1871 614 ge-

155 624 344 684 nuinas
380 645 476 676 esse
517 645 787 677 censeamus.
853 633 1020 676 Deinde
1070 632 1298 684 vocabula,
1338 645 1453 686 quae
1502 633 1642 683 attuli,
1683 646 1870 687 quorum

139 714 290 762 ‘pars
319 704 519 757 nondum
550 705 704 760 quinto
737 708 781 748 et
812 708 972 760 quarto
993 705 1168 748 saeculo
1189 705 1405 755 exstabat,
1438 717 1542 758 pars
1569 703 1699 748 aliam
1727 705 1870 747 notio-

143 773 189 858 ,li
228 788 293 822 ·m
322 776 479 830 induit,
512 777 708 820 indicant
741 777 950 832 epistulas
982 777 1167 832 scriptas
1199 789 1293 819 esse
1324 775 1476 831 ‘primis
1507 790 1548 830 p.
1576 776 1676 820 Chr.
1705 790 1747 819 n.
1774 790 1872 820 sae-

206 846 308 895 lis.
368 848 483 891 Tum
516 849 636 903 quod
667 849 898 892 articulum
931 849 1204 902 neglegentia
1223 851 1500 902 usurpatum,
1533 848 1652 903 quod
1678 848 1872 891 reflexivi

134 914 373 988 Jormam
407 920 563 964 tertiae
584 933 810 975 personae
842 934 922 975 pro
954 922 1094 963 forma
1127 921 1296 975 primae
1328 923 1372 962 et
1409 920 1630 963 secundae
1662 921 1871 975 scriptam

165 981 282 1035 -8888
312 989 526 1043 videmuS,
559 991 677 1046 quod
711 991 845 1034 verba
885 991 1097 1046 simplicia
1130 991 1305 1034 duobus
1336 991 1404 1034 vel
1437 991 1577 1033 tribus
1609 991 1704 1034 aliis
1737 1004 1870 1046 expo-

127 1059 269 1123 *sita
299 1064 416 1114 sunt,
462 1063 580 1118 quod
621 1063 944 1106 substantivum
983 1063 1039 1106 ab
1078 1063 1291 1107 attributo
1323 1076 1404 1106 suo
1436 1063 1692 1117 saepissime
1735 1064 1871 1106 verbo

131 1126 441 1195 gffieiungitun
486 1135 604 1190 quod
649 1139 743 1178 erat
788 1136 830 1178 in
881 1135 1045 1178 deliciis
1089 1135 1349 1190 scriptorum
1395 1135 1575 1178 secundi
1619 1149 1661 1190 p.
1693 1135 1793 1179 Chr.
1828 1149 1870 1179 n.

113 1196 168 1253 ‘⁵¹3
147 1202 365 1266 Υ8888111ὶ,
387 1206 503 1250 idem
530 1207 736 1250 iudicium
765 1208 904 1251 facere
931 1207 1139 1261 cogimur.
1189 1208 1304 1250 Tum
1324 1208 1605 1262 respicientes
1631 1208 1872 1262 permultas

118 1275 428 1344 purtlculas
459 1279 744 1334 scriptoribus
775 1280 872 1323 usui
906 1281 1050 1333 fuisse,
1083 1293 1327 1335 pronomen
1354 1280 1627 1323 indefinitum
1661 1282 1717 1327 τίς
1738 1294 1872 1335 saepe

137 1348 279 1396 tine
310 1350 399 1396 ulla
425 1351 741 1405 significatione
761 1352 940 1396 vocibus
963 1353 1183 1395 adiectum
1207 1366 1315 1403 esse,
1336 1352 1714 1407 praepositionum
1742 1366 1870 1396 usum

121 1418 182 1474 J
183 1422 476 1469 recentiorum
510 1423 682 1467 dicendi
713 1424 860 1477 generi
882 1437 968 1466 non
989 1424 1240 1476 abhorrere,
1268 1437 1497 1467 numerum
1533 1424 1708 1467 dualem
1735 1424 1871 1467 libere

139 1539 150 1558 ζ
134 1480 431 1546 {adhibitum
472 1497 515 1539 et
549 1495 718 1539 hiatum
761 1496 802 1538 in
848 1496 1046 1551 plurimis
1093 1496 1288 1551 epistulis
1326 1497 1506 1539 omnino
1549 1510 1638 1539 non
1682 1496 1870 1540 vitatum

91 1517 157 1604 ³3³2
132 1564 295 1625 ’[8888,
327 1566 386 1610 ad
423 1566 539 1611 idem
580 1567 722 1622 ipsum
762 1567 970 1611 iudicium
1011 1582 1091 1611 nos
1129 1569 1338 1612 accedere
1379 1571 1567 1623 oportet,
1611 1569 1868 1623 praesertim

117 1630 151 1682 a
184 1650 287 1683 cum
316 1639 564 1694 scriptores,
598 1642 646 1682 ut
677 1639 748 1682 alii
781 1640 1088 1692 recentiorum,
1116 1654 1366 1684 sermonem
1401 1643 1594 1684 veterum
1623 1641 1868 1684 Atticorum

133 1709 243 1755 de
272 1709 487 1758 uldustria
519 1711 677 1755 imitati
709 1713 795 1754 sint
828 1715 870 1755 et
902 1712 1146 1757 sententiae
1171 1712 1500 1779 philosophIcae
1520 1712 1746 1756 sententiis
1777 1713 1870 1756 illo-

106 1747 129 1779 ³
142 1794 284 1827 rum
306 1785 558 1838 temporum
593 1784 757 1838 optime
788 1785 1098 1838 respondeant.

84 1855 190 1919 ’ἑῇῑῇ
265 1847 267 1850 ’
329 1853 499 1907 Quibus
536 1855 740 1898 omnibus
777 1855 831 1899 de
871 1857 1012 1899 causis
1051 1858 1272 1900 affirmare
1310 1857 1454 1900 audeo
1488 1857 1680 1900 Socratis
1714 1859 1757 1900 et
1788 1857 1869 1899 So-

79 1921 143 1986 *
186 1925 448 1981 craticorum
481 1926 705 1982 epistulas,
738 1941 852 1982 quae
885 1927 1099 1979 dicantur,
1121 1928 1389 1982 compositas
1423 1941 1517 1970 esse
1550 1929 1742 1971 secundo
1769 1931 1871 1982 post

42 1994 45 2003 '
85 1993 137 2023 Τ
184 1995 288 2040 Chr.
307 2008 352 2040 n.
377 1997 566 2042 saeculo.
