2254 3496
178 315 328 360 veniri.
393 316 482 360 Iam
518 317 647 359 l'uisse
680 317 797 370 apud
827 316 1010 367 Alexim,
1032 315 1284 366 Timoclcm,
1314 315 1609 368 Antiphanem
1639 317 1791 369 poetas
1819 317 1859 357 et

179 387 401 443 Diphilum
423 401 554 431 unam
580 402 633 430 ex
659 389 897 431 comoediis
929 388 990 430 sic
1022 388 1315 430 nominavisse
1336 387 1590 430 Athenaeus
1607 387 1638 442 l)
1659 389 1857 430 testatur.

319 461 475 516 μύωψ
509 460 557 515 (I,
584 461 641 511 6).
709 461 790 514 Ap.
834 462 938 502 vett.
978 460 1179 501 stimulus
1215 460 1278 500 vel
1322 459 1466 502 calcar
1499 459 1552 501 ad
1587 472 1723 513 equos
1758 459 1860 500 inci-

179 531 351 575 tandos,
413 531 505 575 Hoc
538 532 633 574 loco
667 535 708 573 et
741 545 810 585 ap.
839 545 946 574 recc.
978 531 1229 574 adhortatio
1261 531 1325 572 vel
1361 531 1581 583 instigatio
1614 530 1857 573 hominum.

325 605 546 660 ἀρεσκεία
578 603 664 658 (VI,
694 603 752 657 3).
786 603 882 645 Non
918 602 1136 645 invenitur
1168 602 1247 644 nisi
1280 615 1350 656 ap.
1384 602 1753 656 Theophrastum,
1787 602 1861 655 qui

179 686 278 717 cum
311 673 429 717 bono
463 687 593 716 sensu
628 674 864 717 coniunxit.
928 674 1078 728 Polyb.
1108 676 1150 716 et
1177 673 1410 727 scriptores
1431 674 1722 727 posteriorum
1752 676 1860 715 tem-
1907 661 1914 668 ⁸

179 758 336 800 porum
370 746 408 788 ei
440 747 536 788 voci
569 746 654 788 vim
687 746 896 789 adulandi
931 748 974 788 et
1005 745 1277 800 parasitandi
1310 746 1542 788 subiciunt.

323 816 526 874 ὃιανομή
561 818 648 872 (VI,
665 818 724 871 3).
758 818 842 871 Ap.
875 820 978 859 vett.
1013 817 1165 859 divisio
1200 817 1381 860 alicuius
1420 818 1481 859 rei
1518 815 1607 871 (τῆς
1648 821 1736 871 γῆς,
1778 820 1861 857 τῶν

181 889 366 944 μήλων),
411 902 482 943 ap.
525 902 634 932 rece.
679 889 821 943 (Phil,
864 889 990 940 Plut.,
1034 889 1115 931 hoc
1158 888 1270 943 loco)
1312 889 1482 942 largitio
1530 888 1646 942 plebi
1691 888 1857 941 gratiae

179 960 406 1015 parandae
439 973 572 1004 causa
606 960 709 1003 data
750 959 822 1016 [cf.
855 960 1011 1003 Thom.
1048 961 1100 1003 M.
1135 973 1167 1003 S.
1203 974 1242 1003 v.
1282 961 1411 1014 νομὴ·
1453 960 1648 1014 διανομὴ,
1689 961 1712 1014 ἡ
1754 960 1863 1013 πρὸς

183 1032 367 1078 πολλοὺς
396 1032 511 1078 δόσις
549 1033 652 1074 καθ’
667 1033 751 1080 ἕνα,
798 1032 905 1073 Phil.
943 1032 1154 1085 Καθάπερ
1187 1033 1230 1073 ἓν
1271 1034 1496 1086 σιταρχιάις
1528 1033 1863 1086 μεμετρημένως

180 1103 290 1157 πρὸς
321 1103 394 1150 τὰς
425 1104 730 1155 ἐπιβαλλούσας
762 1104 952 1150 ἑκάστοις
986 1101 1226 1159 blovemite}

318 1178 523 1232 χορηγία
563 1175 650 1231 (VI,
688 1178 732 1225 5;
778 1175 912 1227 XXX,
963 1175 1044 1230 12),
1109 1175 1212 1218 Erat
1250 1176 1362 1217 inter
1393 1175 1626 1229 primarias
1665 1178 1859 1217 veterum

177 1246 510 1290 Atheniensium
553 1248 824 1301 λειτουργίας.
898 1247 1065 1298 Quibus
1110 1261 1162 1290 eo
1212 1261 1394 1290 munere
1441 1247 1706 1300 fungendum
1753 1251 1860 1301 crat,

177 1319 319 1373 poetis
361 1319 536 1372 tragicis
575 1319 755 1361 chorum
795 1332 952 1361 ornare
994 1322 1126 1373 atque
1166 1319 1380 1372 imprimis
1420 1322 1644 1374 sumptum
1679 1322 1861 1362 ornatus

181 1390 462 1445 suppeditare
513 1390 734 1433 debebant
751 1390 797 1445 ²).
874 1390 1044 1433 Primus
1102 1391 1372 1442 Aristoteles,
1413 1405 1542 1445 quem
1600 1391 1863 1434 recentiores

175 1461 360 1518 (Polyb,
392 1461 530 1512 Philo,
551 1462 636 1504 Jos.
655 1462 703 1516 3),
731 1462 858 1514 Plut.,
881 1463 1130 1518 Aristid.⁴))
1165 1463 1301 1506 secuti
1328 1466 1442 1515 sunt,
1470 1463 1513 1505 id
1536 1463 1858 1507 substantivum

174 1532 261 1576 alio
280 1546 410 1576 sensu
434 1535 628 1587 usurpat.
673 1533 876 1587 Impensa
899 1547 994 1577 esse
1015 1534 1055 1576 in
1079 1535 1296 1588 quaslibet
1323 1548 1391 1577 res
1413 1536 1526 1577 facta
1555 1535 1861 1587 intellegimus.

322 1607 516 1662 γοητεία
555 1605 643 1660 (VI,
675 1604 735 1659 ὓ).
791 1605 920 1649 Plat.:
966 1619 1038 1648 ars
1077 1606 1245 1659 magica
1291 1606 1496 1662 (quater).
1560 1607 1654 1649 Hoc
1692 1607 1787 1649 loco
1821 1610 1863 1649 ot

177 1676 297 1732 apud
340 1676 551 1731 plurimos
595 1678 885 1720 recentiorum
931 1678 1116 1734 (Polyb,
1159 1679 1274 1729 Luc.,
1320 1679 1443 1721 Dion.
1485 1679 1550 1733 C.)
1595 1679 1709 1721 idern
1745 1679 1860 1722 valet

183 1751 318 1804 atque
349 1749 577 1792 illecebrae
609 1750 898 1804 voluptatum.

322 1819 492 1878 πρᾶξις
524 1820 718 1875 (γράφειν
757 1821 827 1867 τὰς
865 1823 1056 1875 πράξειςε
1110 1822 1244 1873 XXX,
1277 1822 1327 1876 l).
1390 1823 1473 1876 Ap.
1521 1825 1624 1865 vett.
1672 1824 1859 1877 primum

183 1911 237 1927 ==
272 1892 401 1943 actio,
435 1891 591 1934 deinde
612 1912 668 1927 =
689 1906 758 1934 res
791 1896 983 1946 peracta.
1017 1907 1085 1935 res
1118 1895 1378 1947 peragenda.
1432 1895 1599 1948 (Isocr.:
1636 1895 1860 1949 facinora).

176 1962 262 2006 Pro
301 1963 496 2015 historia,
538 1964 669 2006 rebus
708 1965 853 2018 gestis,
895 1965 1101 2019 primum,
1143 1967 1288 2019 quoad
1332 1966 1434 2017 vidi,
1477 1967 1627 2021 Polyb.
1669 1967 1860 2018 adhibet,

177 2035 295 2090 apud
316 2048 447 2090 quem
470 2036 654 2078 eandem
677 2036 764 2079 fere
785 2037 1048 2080 locutionem
1073 2038 1277 2089 legimus:
1305 2039 1565 2093 ἀναγράφειν
1586 2039 1657 2085 τὰς
1675 2041 1862 2093 πράξεις.

318 2094 506 2164 [πλήθη
541 2109 591 2162 (I,
615 2109 661 2158 ,Q
696 2109 765 2160 VI,
790 2110 833 2163 3)
862 2129 917 2143 =
945 2110 1126 2164 πλῆθος,
1158 2110 1294 2164 plebs,
1329 2110 1574 2153 multitudo.
1618 2111 1859 2153 Numerum

179 2179 391 2234 pluralem
425 2193 637 2234 persaepe
670 2180 852 2234 legimus
891 2194 960 2235 ap.
1001 2195 1109 2224 recc.
1146 2182 1280 2236 (Luc,
1315 2183 1505 2233 Aristid,
1545 2183 1652 2229 Ael.,
1687 2183 1861 2238 Phil.·'’),

175 2251 365 2303 Arriam,
398 2251 634 2307 philostr).
700 2252 979 2307 Quamquam
1017 2254 1194 2295 verbum
1229 2257 1433 2308 παριέναι,
1467 2255 1584 2308 quod
1618 2255 1777 2297 dicitur
1808 2256 1862 2298 de

176 2326 400 2366 oratorum
429 2324 619 2378 proditu,
647 2325 822 2378 saepius
849 2339 875 2368 a
902 2325 1138 2368 Plutarcho
1171 2329 1213 2368 et
1241 2327 1445 2378 Luciam,
1480 2340 1658 2381 perraro
1686 2328 1743 2370 ab
1771 2328 1861 2370 Iso-

176 2398 296 2439 crate
311 2396 344 2451 6)
383 2398 425 2438 et
464 2396 587 2439 Isaeo
627 2397 875 2448 adhibetur,
917 2400 1061 2440 tamen
1102 2398 1260 2441 locutio
1302 2401 1361 2445 εἰς
1397 2400 1443 2440 τὰ
1476 2400 1618 2454 κλήθη
1658 2403 1862 2454 παριέναι,

176 2479 308 2522 quam
338 2467 380 2509 in
407 2468 549 2522 prima
577 2469 761 2522 epistula
789 2469 1015 2519 habemus,
1050 2470 1169 2524 apud
1195 2471 1432 2512 Lucianum
1462 2471 1603 2514 solum
1631 2472 1861 2515 invenitur.

319 2539 458 2582 Simili
499 2540 632 2582 modo
674 2541 887 2594 pluralem
930 2542 1138 2595 scriptum
1182 2542 1380 2586 videmus
1422 2543 1488 2585 his
1528 2544 1652 2586 locis:
1699 2544 1859 2587 XXVI:

177 2611 346 2660 εὔνοιαι,
380 2611 583 2655 ΧΧΧΙΙΙ;
628 2613 840 2666 δυνάμεις,
873 2613 1051 2655 XXXV:
1095 2615 1263 2661 ἀὸικίιιι,
1306 2614 1418 2665 XXI,
1446 2615 1490 2657 1:
1536 2617 1635 2669 ἤθη,
1679 2615 1733 2657 de
1774 2629 1862 2670 qua

323 2725 350 2768 ¹)
377 2727 508 2760 Athen.
536 2738 571 2769 p.
594 2730 661 2761 237
677 2730 719 2771 A,
746 2731 814 2761 237
831 2730 872 2770 D,
901 2732 968 2762 238
985 2730 1026 2770 A,
1054 2731 1121 2762 238
1137 2730 1174 2762 F.

323 2783 350 2826 ἱ’)
379 2787 538 2829 Boeckh,
567 2788 696 2820 Athen.
726 2789 1031 2829 Staatshaushalt,
1060 2789 1088 2830 1,
1115 2798 1150 2829 p.
1172 2790 1253 2831 484,
1280 2792 1359 2822 487.

319 2842 470 2885 ³)Gui1.
499 2847 676 2890 Schmidt,
713 2849 764 2880 De
799 2848 919 2880 Flavii
954 2849 1107 2889 Josephi
1144 2849 1352 2882 elocutione
1387 2851 1665 2883 observationes
1700 2852 1860 2894 criticae,

177 2913 212 2946 p.
235 2906 302 2937 534
330 2906 476 2946 (Jahrb.
503 2907 526 2939 f.
554 2907 606 2939 kl.
634 2908 728 2940 Phil.
756 2909 879 2949 suppl.
907 2909 1002 2945 XX).

319 2964 347 3005 ⁴)
374 2966 539 3008 Schmid,
567 2967 596 3008 Ι,
623 2977 658 3008 p.
682 2969 760 3000 164.

321 3023 348 3066 5)
374 3025 489 3068 colm,
524 3027 691 3060 Philonis
724 3028 971 3060 Alexandrini
1006 3028 1156 3061 libellus
1189 3029 1234 3061 (le
1266 3030 1419 3070 opificio
1448 3031 1590 3072 muudi,
1619 3041 1652 3071 p.
1676 3031 1702 3063 L
1730 3032 1859 3071 (Bresl.

177 3083 269 3124 phil.
298 3085 392 3117 Abh.
422 3085 539 3127 1889).

321 3142 347 3184 Ε)
374 3145 418 3177 cf.
447 3145 661 3187 Schneider,
689 3146 735 3178 ad
765 3147 875 3179 Isocr.
905 3147 966 3188 IV,
997 3150 1049 3180 75.
