2254 3496
1047 215 1093 255 17

230 339 350 380 num,
384 327 506 371 cuius
538 326 580 369 in
614 326 716 370 aula
748 326 868 380 regia
887 327 1120 369 nonnullos
1153 327 1341 370 artifices
1374 329 1416 369 et
1449 329 1602 381 poetas
1629 326 1760 370 fuisse
1782 339 1909 370 nemo

229 398 366 442 nescit
383 399 430 453 ¹).
493 398 580 441 Sed
613 397 685 440 illo
718 398 812 440 loco
846 401 889 440 et
920 398 1053 452 paulo
1087 398 1198 442 infra
1227 399 1329 452 (525
1346 398 1399 453 D)
1434 398 1559 442 Plato
1595 412 1681 440 non
1708 400 1819 442 bene
1845 399 1910 441 iu-

229 470 346 514 dicat
377 470 432 512 de
464 470 659 512 moribus
692 470 802 512 illius
835 470 961 523 regis,
996 483 1047 513 ac
1068 470 1295 513 Socratem
1325 470 1423 513 talis
1456 470 1645 512 hominis
1673 471 1908 514 amicitiam

231 546 274 585 et
305 542 663 586 consuetudinem
697 543 968 584 recusavisse
1008 542 1166 584 mirum
1207 556 1293 584 non
1328 546 1407 585 est.
1471 543 1595 586 Hanc
1635 544 1908 586 occasionem

229 614 399 658 Socrati
446 614 657 669 epistulae
714 614 1045 657 substituendae
1096 614 1281 668 scriptor
1326 615 1675 674 praetermittere
1720 616 1910 657 nolebat.

230 686 329 738 Qua
362 686 403 728 in
438 686 638 740 epistula,
672 687 774 740 quin
810 687 847 728 ei
881 687 922 728 in
962 687 1110 728 animo
1145 686 1272 728 fuerit
1301 687 1662 729 consuetudinem
1696 687 1908 741 sophista-

229 771 327 801 rum
361 771 467 802 suae
486 759 644 801 aetatis
667 758 810 801 verbis
831 758 1045 812 castigare
1072 772 1158 801 non
1180 761 1246 800 est
1267 758 1447 801 dubium
1467 762 1514 813 ²).
1568 759 1759 802 Eandem
1783 760 1913 802 fuisse

230 843 408 875 causam
443 833 610 874 sextam
641 831 872 885 epistulam
895 831 1113 873 scribendi
1145 831 1333 874 dilucide
1359 831 1571 874 videmus.
1629 831 1740 875 Nam
1763 833 1914 886 paucis

230 902 375 946 verbis
407 902 572 945 exordii
605 905 647 945 et
679 903 971 944 conclusionis
1005 902 1195 956 exceptis
1228 905 1321 946 tota
1355 903 1540 957 epistula
1582 917 1728 945 mores
1765 904 1911 958 sophi·

231 976 396 1018 starum
437 974 725 1026 obiurgantur
763 976 805 1016 et
843 974 1056 1028 probatur
1095 974 1269 1016 divitias
1308 974 1653 1017 contemnendas
1694 976 1758 1017 vel
1798 979 1913 1017 certe

233 1058 319 1088 non
364 1045 637 1100 appetendas
685 1058 793 1097 esse,
836 1045 955 1100 quod
997 1045 1196 1088 homines
1244 1059 1469 1100 nunquam
1522 1047 1736 1098 meliores,
1782 1061 1914 1102 saepe

231 1117 404 1172 peiores
435 1117 739 1160 reddidissent.

375 1195 467 1238 Has
498 1195 608 1237 duas
641 1194 850 1249 epistulas
870 1195 1022 1248 longas
1055 1209 1081 1238 a
1114 1196 1268 1238 ceteris
1290 1197 1585 1249 segregandas
1619 1211 1713 1240 esse
1740 1211 1912 1240 censeo,

235 1267 283 1310 In
316 1267 572 1318 minoribus,
605 1267 759 1310 ultimo
793 1268 991 1321 epistolio
1025 1270 1219 1322 excepto,
1254 1268 1336 1310 hoc
1369 1283 1502 1310 unum
1530 1270 1813 1313 memorabile
1835 1273 1913 1321 est,

233 1340 354 1394 quod
395 1339 438 1382 in
479 1339 619 1382 tribus
652 1339 736 1394 (IL,
782 1339 868 1390 111.‚
909 1339 996 1394 IV.)
1036 1341 1226 1394 primum
1266 1342 1447 1383 verbum
1489 1355 1646 1383 nomen
1688 1343 1913 1396 proprium

233 1414 300 1455 est
331 1414 389 1463 et,
421 1411 495 1454 ubi
522 1411 605 1454 hoc
632 1411 674 1453 in
703 1411 888 1466 epistula
909 1412 1088 1454 omnino
1110 1425 1198 1454 non
1220 1413 1375 1465 legitur
1408 1414 1487 1464 (V.,
1518 1413 1639 1467 vlt),
1671 1427 1914 1468 pronomen

236 1483 468 1538 personale
499 1483 756 1526 invenimus.
821 1483 919 1535 Qua
951 1484 1006 1526 de
1038 1497 1171 1527 causa
1203 1484 1283 1527 has
1326 1485 1381 1527 ab
1415 1498 1502 1527 uno
1537 1486 1747 1539 discipulo
1781 1490 1857 1528 aut
1890 1501 1916 1529 a

233 1555 454 1611 discipulis
486 1555 613 1598 unius
646 1556 839 1608 magistri
874 1557 1144 1610 conscriptas
1177 1570 1272 1599 esse
1311 1557 1526 1600 existimo.
1592 1558 1703 1600 Nam
1746 1558 1786 1600 in
1822 1559 1916 1600 aliis

232 1628 428 1683 epistulis
459 1628 572 1671 hanc
604 1628 965 1671 consuetudinem
1000 1642 1099 1672 raro
1133 1629 1387 1683 reperimus.

363 1695 583 1748 ¹Secunda
625 1706 812 1760 epistula
844 1707 1160 1760 cognoscimus,
1195 1720 1282 1760 quo
1316 1707 1448 1749 modo
1482 1707 1685 1750 Socrates
1726 1708 1916 1751 Chaere-

237 1776 448 1831 phontem
492 1778 770 1821 commendet
807 1778 1103 1833 Xenophonti,
1145 1779 1217 1833 qui
1259 1780 1298 1821 in
1345 1779 1619 1822 Chersoneso
1674 1794 1920 1824 commora-

233 1851 305 1892 tus
336 1850 524 1902 fingitur.
589 1850 646 1891 At
678 1850 791 1892 inter
823 1864 975 1892 omnes
1008 1853 1182 1893 constat
1214 1851 1549 1905 Xenophontem
1598 1852 1778 1895 Socrate
1821 1854 1916 1895 vivo

233 1921 430 1964 nondum
463 1921 730 1964 domicilium
766 1923 820 1963 ibi
861 1923 1155 1973 collocavisse,
1196 1924 1271 1965 sed
1314 1924 1460 1966 multis
1500 1925 1625 1966 annis
1665 1928 1765 1978 post
1808 1926 1918 1968 iliius

233 1995 423 2036 mortem
457 2007 509 2036 eo
545 1994 726 2036 venisse.

378 2076 562 2120 'Tertiae
594 2077 780 2131 scriptor
811 2077 914 2119 dicit
944 2078 1251 2132 philosophum
1287 2078 1523 2121 Potidaeae
1555 2080 1698 2131 fuisse,
1733 2081 1774 2122 id
1802 2082 1919 2135 quod

235 2162 335 2191 eum
370 2162 422 2191 ex
456 2148 551 2191 loco
584 2148 780 2191 Platonis
814 2150 1042 2203 apologiae
1065 2151 1327 2193 conclusisse
1359 2155 1466 2205 puto
1500 2153 1633 2207 (apol.
1671 2154 1726 2195 98
1742 2154 1808 2208 (1),
1831 2168 1917 2208 quo

235 2220 463 2264 Socratem
500 2234 672 2275 pugnae
704 2221 981 2264 Potidaeensi
1018 2223 1261 2265 interfuisse
1294 2223 1488 2275 legimus.

377 2298 546 2351 Quarta
579 2299 740 2342 nullam
775 2313 866 2342 rem
901 2300 955 2343 ad
992 2300 1219 2343 historiam
1254 2302 1511 2344 referentem
1544 2304 1751 2346 continet.

378 2381 423 2424 In
446 2382 633 2436 epistula
668 2382 950 2436 subsequenti
991 2386 1055 2426 est
1092 2384 1430 2438 Xenophontem
1459 2385 1621 2428 Thebis
1645 2388 1918 2430 commorari.

233 2453 338 2496 Sine
369 2454 503 2496 dubio
536 2457 691 2497 auctor
717 2455 836 2497 illum
859 2456 915 2497 ibi
938 2469 1032 2498 esse
1063 2457 1199 2508 fingit,
1244 2458 1361 2511 quod
1391 2471 1443 2500 ex
1470 2458 1773 2512 Xenophontis
1795 2459 1930 2510 libro,-

237 2525 310 2580 qui
341 2526 548 2569 anabasis
580 2526 841 2577 inscribitur,
876 2528 1042 2571 sciebat
1075 2528 1337 2580 Proxenum,
1372 2530 1484 2571 illius
1523 2531 1726 2580 amicum,
1766 2532 1838 2585 qui
1874 2535 1920 2574 ut

236 2610 385 2640 secum
422 2598 481 2640 ad
520 2598 681 2640 bellum
722 2599 1071 2652 proficisceretur
1103 2601 1140 2642 ei
1174 2604 1387 2652 suaserat,
1427 2602 1591 2644 Thebis
1624 2605 1773 2645 natum
1811 2617 1916 2645 esse.

238 2669 297 2711 At
329 2669 556 2712 Proxenus
590 2671 681 2724 ipse
714 2671 794 2712 illis
828 2673 1100 2726 temporibus
1134 2673 1218 2715 iam
1249 2673 1290 2714 in
1325 2674 1427 2715 Asia
1462 2676 1556 2716 erat
1573 2675 1618 2726 3).

380 2741 511 2784 Plura
544 2742 729 2785 dicenda
749 2746 852 2785 sunt
884 2744 938 2786 de
959 2745 1159 2798 septima.
1226 2745 1342 2788 Haec
1364 2746 1563 2799 epistula,
1586 2746 1706 2788 cuius
1734 2747 1917 2800 primam

385 2910 410 2952 ¹)
441 2912 621 2953 Droysen,
644 2913 895 2945 Hellenismus
918 2914 945 2954 Ι,
969 2915 982 2945 1
1009 2923 1042 2954 p.
1068 2916 1109 2946 75
1125 2924 1188 2954 ss.;
1213 2915 1472 2955 Wilamowitz,
1492 2916 1617 2947 Herm.
1642 2916 1726 2957 XII,
1746 2926 1780 2956 p.
1797 2918 1863 2947 353
1878 2926 1923 2948 ss.

383 2968 410 3011 ²¹)
437 2972 489 3003 De
516 2972 584 3004 hac
611 2981 649 3004 re
676 2973 774 3005 infra
802 2973 1011 3006 accuratius
1036 2983 1155 3015 agam.

384 3030 410 3070 ²¹)
438 3031 529 3063 Xen.
557 3033 665 3064 anab.
696 3033 767 3075 III,
791 3034 821 3073 1,
843 3035 882 3065 4:
911 3031 1017 3065 αὐτὸν
1035 3033 1283 3077 μετεπέμψατο
1304 3034 1460 3068 οἷ’κοιΊε-ἰκ
1502 3035 1572 3075 III,
1595 3037 1624 3075 1,
1646 3037 1684 3067 8:
1707 3034 1838 3070 ἐξέπλει
1861 3034 1921 3067 καὶ

239 3089 499 3134 καταλαμβάνει
526 3090 563 3123 ἑν
590 3090 765 3134 Σάρδεσιν
792 3091 983 3135 Πρόξενον.

1758 3180 1777 3211 2
