2254 3496
1179 254 1230 291 38

375 347 620 400 epistulam,
653 361 764 401 quae
802 349 979 391 Isocrati
1010 350 1505 402 attribuitur,-ficticiam
1539 366 1633 395 esse
1672 356 1869 407 apertum
1903 357 1968 396 est
1986 353 2032 409 l),

375 419 624 471 suppositae
657 422 812 462 essent.
877 420 962 461 Sed
996 433 1063 462 res
1095 421 1219 473 longe
1250 422 1375 464 aliter
1405 436 1451 465 se
1484 423 1626 466 habet.
1690 425 1871 467 Rhetori
1903 425 2034 468 libro-

374 502 470 530 rum
503 481 704 531 Isocratis
737 490 840 531 nihil
867 491 948 532 nisi
969 492 1120 545 quinta
1147 493 1299 544 oratio,
1333 506 1463 546 quam
1491 494 1720 548 vituperat,
1753 498 1903 538 notum
1925 499 2033 548 erat,

376 562 418 601 et
461 573 512 600 ex
551 561 631 603 hac
678 561 771 614 ipsa
816 562 992 604 nomina
1038 563 1293 617 principum,
1335 577 1448 617 quae
1491 566 1628 616 affert,
1667 567 1878 620 repetivit.
1948 567 2033 610 Pro

373 631 621 673 Alexandro
653 632 862 674 Thessalo
897 646 996 676 vero
1018 634 1214 676 Iasonem
1242 648 1487 689 supponere
1514 637 1718 688 cogimur,
1753 638 1868 691 quod
1895 638 2035 681 facere

374 715 461 742 non
494 702 744 744 dubitamus
775 703 840 744 his
873 704 927 746 de
959 705 1112 747 causis.
1176 706 1301 748 Iason
1336 706 1416 748 hoc
1454 707 1549 749 loco
1582 708 1796 750 nominari
1837 722 1924 751 non
1955 722 2035 763 poss-

373 775 498 824 terat,
533 774 647 826 quod
681 774 767 816 iam
799 775 946 827 viginti
979 778 1186 829 quattuor
1224 778 1349 819 annis
1391 781 1492 820 ante
1532 779 1664 833 (anno
1707 779 1809 834 370)
1844 780 1931 822 vita
1963 793 2036 827 ex-

375 848 576 887 cesserat.
639 845 801 887 Deinde
828 846 1075 889 Alexander
1093 848 1327 891 Thessalus
1353 862 1495 891 rerum
1531 850 1573 891 in
1607 850 1786 893 Graecia
1812 853 2033 904 gestarum

375 915 512 957 multo
554 916 758 958 maiorem
799 919 967 970 partem
1009 918 1141 960 habet
1173 932 1302 972 quam
1337 919 1418 962 ille.
1481 920 1593 961 Tum
1634 921 1867 963 Alexandri
1899 922 2035 975 magis

375 986 464 1028 noti
498 989 540 1028 et
571 987 673 1030 clari
707 991 829 1030 erant
849 991 1095 1042 propterea,
1128 990 1245 1043 quod
1266 990 1342 1042 vir,
1377 992 1443 1033 cui
1469 992 1551 1033 hoc
1577 1005 1735 1034 nomen
1758 995 1863 1044 erat,
1885 993 2032 1035 orbem

375 1059 587 1100 terrarum
630 1062 965 1111 expugnaverat,
1013 1073 1100 1113 qua
1132 1060 1224 1114 ipsa
1264 1061 1317 1103 de
1350 1047 1481 1105 causa
1521 1062 1653 1104 homo
1692 1063 1818 1105 huius
1849 1063 2036 1115 nominis

375 1127 461 1170 iam
496 1129 538 1169 in
569 1129 709 1183 prima
742 1133 866 1183 parte
898 1131 1109 1183 epistulae
1141 1132 1296 1174 allatus
1329 1136 1406 1175 est.
1470 1134 1518 1175 In
1551 1134 1825 1188 paragrapho
1864 1138 2036 1188 octoge-

376 1200 487 1241 sima
519 1201 659 1254 prima
691 1201 898 1243 orationis
931 1203 1107 1255 quintae
1139 1204 1346 1257 scriptum
1380 1207 1444 1246 est
1475 1203 1708 1247 Isocratem
1741 1206 1827 1248 iam
1848 1206 1902 1247 ad
1936 1206 2038 1248 Dio-

368 1270 546 1326 nysium
578 1271 807 1324 epistulam
839 1272 1022 1323 dedisse,
1055 1287 1142 1327 qua
1174 1287 1271 1316 eum
1306 1275 1362 1317 ad
1382 1275 1541 1318 bellum
1568 1275 1799 1319 Persarum
1833 1277 2037 1330 instigare

379 1342 562 1384 voluerit
580 1342 625 1397 2).
697 1343 757 1385 De
794 1344 994 1395 Agesilao
1046 1344 1226 1397 legimus
1273 1346 1418 1400 (Isocr.
1460 1347 1507 1398 V,
1543 1346 1637 1401 86):
1689 1352 1912 1403 προηρεῖτο
1957 1348 2037 1403 γὰρ

376 1414 537 1467 βασιλεῖ
562 1414 758 1467 πολεμεῖν
779 1448 788 1457 .
812 1448 822 1457 .
844 1448 853 1457 .
876 1415 967 1470 (87)
989 1418 1202 1470 συνέβαινε
1233 1418 1342 1471 μηδὲ
1366 1419 1571 1460 δύνασθαι
1602 1408 1797 1473 πολεμεῖν
1822 1424 1902 1466 τοῖς
1931 1421 2036 1474 βαρ-

375 1486 526 1539 βάροις
556 1486 688 1539 atque
725 1486 778 1528 de
817 1487 970 1529 Iasone
992 1487 1137 1542 (Isocr.
1159 1488 1208 1539 V,
1228 1487 1349 1543 119):
1384 1490 1557 1531 ἐποιεῖτο
1577 1490 1656 1543 γὰρ
1677 1491 1770 1536 τοὺς
1790 1491 1956 1544 λόγους,
1977 1491 2038 1545 ὥς

377 1558 433 1602 εἷς
465 1556 537 1610 τὴν
570 1559 738 1611 ἤπειρον
772 1559 1074 1612 διαβησόμενος
1105 1560 1176 1600 καὶ
1206 1561 1368 1613 βασιλεῖ
1393 1561 1586 1613 πολεμεῖν
1606 1592 1617 1604 .
1640 1595 1649 1604 .
1670 1594 1681 1604 .
1710 1561 1854 1604 ‘'Onov
1887 1562 1926 1603 δ’
1955 1561 2034 1614 Ἰά-

378 1643 466 1669 σων
497 1628 611 1682 λόγῳ
642 1629 776 1682 μόνον
806 1631 1085 1689 χρησάμενος,
1119 1632 1254 1677 οὕτως
1285 1631 1432 1672 ἑαυτὸν
1453 1633 1646 1686 ηὔξησεν,
1684 1633 1808 1674 ποίαν
1839 1633 1924 1674 τινὰ
1955 1633 2035 1687 χρὴ

376 1699 623 1752 προσδοκᾶν
660 1700 754 1753 περὶ
793 1705 869 1741 σοῦ
909 1702 1083 1755 γνώμην
1121 1703 1305 1748 ἅπαντας
1342 1704 1458 1750 ἕξειν,
1497 1705 1522 1757 ἢ
1562 1704 1674 1757 ἔργῳ
1713 1708 1851 1745 ταῦτα
1873 1705 2038 1759 πράξῃς

378 1769 447 1810 καὶ
479 1770 652 1822 μάλιστα
685 1771 762 1822 μὲν
792 1772 999 1826 πειραθῇς
1032 1772 1132 1826 ὅλην
1164 1772 1236 1826 τὴν
1267 1774 1472 1826 βαςιλείαν
1505 1774 1671 1815 ἀνελεῖν.

496 1841 698 1882 'Duobus
718 1841 823 1883 locis
850 1842 1058 1895 epistulae
1084 1856 1154 1885 ars
1181 1842 1381 1885 Isocratis
1404 1846 1769 1886 commemoratur
1788 1843 1855 1886 his
1875 1844 2036 1902 verbis:

379 1911 441 1965 (4)
476 1911 544 1952 τὸν
576 1913 620 1953 ἒν
645 1917 729 1958 ταῖς
762 1913 919 1966 τέχναις
952 1914 1288 1967 ἀποφαινόμενον
1316 1916 1358 1956 et
1391 1914 1483 1969 (10)
1515 1916 1588 1956 καί
1616 1931 1743 1969 φησιν
1781 1915 1860 1969 μὲν
1891 1916 1935 1956 ἒν
1953 1919 2038 1962 ταῖς

379 1983 537 2036 τέχναις
553 1981 600 2036 3).
665 1982 701 2023 A
737 1982 835 2024 viris
869 1983 1007 2025 doctis
1039 1985 1214 2026 nostrae
1240 1986 1395 2035 aetatis
1428 1984 1678 2027 conceditur
1715 1985 1946 2028 Isocratem
1973 1986 2037 2040 ip-

381 2066 476 2094 sum
510 2055 646 2096 artem
681 2067 769 2096 non
802 2055 1097 2108 composuisse
1114 2058 1158 2106 ⁴),
1193 2056 1267 2097 sed
1295 2069 1389 2098 eam
1423 2070 1536 2110 quae
1567 2057 1750 2110 posteris
1770 2057 2038 2111 temporibus

380 2137 476 2166 cum
510 2124 601 2166 eius
632 2126 807 2167 nomine
839 2127 1068 2168 coniuncta
1102 2130 1207 2178 erat,
1241 2141 1267 2170 a
1300 2127 1517 2181 discipulis
1549 2129 1615 2169 vel
1647 2128 1702 2170 ab
1735 2128 1828 2170 aliis
1857 2142 1909 2171 ex
1941 2141 2039 2170 ora-

379 2195 568 2237 tionibus
610 2196 711 2249 ipsis
753 2199 998 2249 excerptam
1040 2211 1145 2239 esse.
1219 2199 1326 2240 Cum
1369 2199 1633 2252 Susemihlb)
1682 2199 1918 2241 contendat
1959 2199 2038 2241 hos

380 2266 491 2308 duos
522 2267 639 2308 locos
672 2267 873 2321 reliquias
906 2281 1034 2310 verae
1067 2270 1170 2310 artis
1203 2269 1401 2312 Isocratis
1434 2270 1685 2312 iudicandos
1727 2283 1821 2312 esse
1851 2270 1893 2312 in
1927 2270 2038 2312 hanc

379 2350 470 2379 rem
504 2338 748 2391 diligentius
774 2352 853 2380 nos
881 2340 1095 2392 inquirere
1127 2340 1312 2394 oportet.
1357 2341 1454 2383 Mea
1474 2342 1687 2383 sententia
1720 2341 1902 2394 scriptor
1921 2341 2038 2383 illam

379 2412 518 2452 artem
551 2423 691 2462 neque
723 2410 825 2463 legit
857 2423 997 2464 neque
1030 2412 1206 2453 omnino
1239 2413 1371 2455 novit.
1435 2413 1582 2470 Priore
1614 2413 1708 2454 loco
1742 2415 1805 2455 est
1844 2425 1931 2463 eOS,
1964 2412 2036 2466 qui

380 2481 572 2531 audiant,
601 2481 835 2522 maioribus
868 2481 1055 2524 laudatis
1089 2483 1392 2543 benevolentes
1424 2484 1644 2526 faciendos
1677 2497 1784 2534 esse,
1811 2484 1928 2536 quod
1948 2483 2039 2525 Iso-

379 2554 532 2603 crates,
572 2565 838 2606 quamquam
865 2554 971 2614 ¹ipse
1003 2555 1281 2606 praescribat,
1322 2555 1567 2607 neglexerit.
1630 2555 1723 2596 Hoc
1754 2556 2036 2608 praeceptum

525 2667 548 2707 ι>
576 2668 831 2709 Wilamowitz,
859 2668 1069 2700 Aristoteles
1096 2679 1129 2701 u.
1158 2670 1288 2710 Athen,
1316 2671 1364 2711 11,
1392 2680 1425 2710 p.
1449 2672 1528 2711 394,
1555 2671 1614 2702 cui
1639 2671 1741 2702 Blass
1766 2670 1903 2701 frustra
1929 2678 2037 2709 repu-

380 2731 468 2767 gnat
499 2727 537 2758 in
564 2728 687 2768 Museo
725 2727 900 2759 Rhenano
936 2728 992 2768 [54
1022 2729 1154 2769 (1899),
1190 2738 1225 2768 p.
1248 2730 1289 2760 33
1306 2729 1375 2769 ss.].
1427 2730 1470 2761 cf.
1506 2729 1711 2770 Mfinscher,
1745 2728 1881 2769 Berlin,
1908 2729 2038 2770 philol.

382 2786 674 2818 Wochenschrift
702 2788 802 2826 1912,
828 2787 868 2817 N.
892 2788 921 2818 7.
948 2795 982 2826 p.
1007 2788 1083 2819 193.

526 2843 551 2884 ²)
579 2845 689 2876 Isocr.
717 2845 757 2884 V,
779 2846 840 2876 81:
869 2843 928 2876 καὶ
953 2842 1002 2887 μὴ
1029 2843 1229 2888 θαυμάσῃς,
1254 2845 1341 2888 ἅπερ
1366 2835 1539 2878 ἐπέστειλα
1566 2844 1626 2878 καὶ
1651 2844 1737 2888 πρὸς
1763 2844 1955 2879 Διονύσιον.

525 2901 550 2942 3)
577 2904 776 2935 Numerum
805 2904 986 2943 pluralem
1013 2904 1189 2944 scriptum
1216 2913 1290 2936 esse
1316 2905 1409 2936 nihil
1431 2905 1591 2946 interest,
1618 2913 1703 2936 nam
1725 2904 1843 2945 multi,
1871 2904 1935 2944 qui
1962 2904 2036 2936 Iso-

382 2963 492 2994 cratis
526 2966 640 2993 artem
676 2963 846 3003 afferunt,
882 2963 1064 3002 pluralem
1100 2963 1246 2995 habent.
1299 2964 1492 3005 (Sheehan,
1524 2965 1575 2995 De
1606 2963 1682 2995 fide
1715 2963 1803 2995 artis
1834 2962 2038 2995 rhetoricae

383 3022 534 3054 Isocrati
562 3022 732 3061 tributae,
759 3031 794 3062 p.
816 3024 834 3053 5
850 3023 912 3059 ss.)

523 3079 550 3119 4)
579 3081 691 3121 Blass,
718 3090 752 3120 p.
776 3082 860 3120 105;
889 3081 1024 3121 Thiele,
1052 3081 1177 3112 Herm.
1205 3082 1346 3113 XXVII
1373 3082 1505 3123 (1892),
1532 3091 1566 3121 p.
1590 3083 1628 3113 11
1647 3091 1690 3113 ss.

525 3137 551 3178 ⁵>
580 3139 760 3170 Susemihl
788 3140 837 3180 II,
864 3149 897 3179 p.
921 3141 999 3180 482,
1021 3140 1104 3171 adn.
1127 3140 1195 3171 93i
1225 3141 1381 3178 (secutus
1407 3140 1616 3178 Thielium).
