2254 3496
997 176 1046 216 31

183 290 254 333 tur
283 288 340 332 ab
373 288 576 331 omnibus
620 290 706 331 fere
749 289 850 331 viris
882 288 1022 331 doctis
1054 289 1247 342 priorum
1296 290 1558 342 temporum,
1593 300 1780 342 quorum
1820 287 1861 328 in

181 374 364 404 numero
396 360 563 416 primus
597 361 682 404 Leo
717 361 904 403 Allatius
936 361 1231 403 nominandus
1263 364 1327 402 est
1361 363 1403 403 et
1441 359 1659 402 nonnullis
1691 362 1863 401 nostro-

180 444 279 475 rum
311 432 499 485 genuina
532 445 626 474 esse
660 433 888 476 iudicatur.
928 433 994 474 Re
1017 446 1120 475 vera
1153 434 1469 475 commemorat
1497 432 1708 484 Diogenes
1732 432 1862 474 Laer-

181 503 268 546 tius
299 500 388 559 (IV,
409 503 454 558 5)
494 503 704 558 epistulas
745 503 992 558 Speusippi,
1035 503 1108 546 sed
1145 517 1232 545 non
1273 503 1389 554 dicit,
1431 505 1578 545 utrum
1613 516 1743 545 verae
1776 503 1862 545 sint

180 588 337 626 necne;
371 588 514 629 neque
545 578 711 618 certum
754 579 818 618 est
851 576 921 618 illa
958 576 1089 618 verba
1122 575 1253 617 fuisse
1281 576 1322 617 in
1348 575 1534 629 epistula
1557 589 1583 618 a
1615 575 1861 629 Speusippo

180 646 238 690 ad
259 646 507 702 Philippum
531 647 636 690 data
651 648 695 699 ¹).
742 647 982 701 Epistulam
1005 660 1154 690 veram
1180 660 1274 690 esse
1295 647 1565 689 contendunt
1591 647 1819 689 Boenecke
1829 647 1861 702 2)

181 719 222 762 et
255 718 379 761 Blass
396 719 445 773 3),
478 731 576 760 cum
600 718 892 760 Wilarnowitz
915 732 1002 761 non
1025 731 1104 773 pro
1126 721 1244 761 certo
1270 719 1491 761 affirmare
1515 718 1689 768 audeat,
1714 719 1861 760 utrum

181 802 287 833 vera
306 803 363 833 an
386 790 543 834 ficticia
562 790 619 832 sit
635 791 680 845 ⁴).
707 804 747 833 v.
770 791 898 834 Scala
914 791 946 846 ⁴³)
971 791 1198 844 epistulam
1222 791 1429 844 scriptam
1453 804 1547 833 esse
1573 790 1862 845 Theopompo

179 862 278 904 vivo
322 865 450 917 putat
505 865 547 904 et
597 863 859 913 SusemihNJ
921 866 1096 906 secutus
1148 863 1362 905 Thielium
1417 863 1519 904 dicit
1563 862 1714 916 primis
1760 863 1862 904 Ale-

179 934 494 977 xandrinorum
546 935 816 988 temporibus
854 935 1142 989 compositam
1184 948 1291 977 esse.
1367 935 1633 986 Dummlerf)
1674 934 1862 988 denique

178 1009 327 1049 censet
358 1006 604 1060 epistulam,
648 1020 915 1061 quamquam
960 1020 1047 1049 non
1087 1020 1250 1058 veram,
1290 1009 1436 1049 tamen
1477 1021 1527 1048 ex
1567 1007 1757 1060 genuina
1790 1020 1862 1049 ex-

177 1080 370 1133 cerptam
406 1090 514 1122 esse.
578 1079 674 1133 Ipse
707 1079 892 1133 Bitia-⁵)
931 1080 1003 1133 qui
1038 1079 1237 1132 proximo
1276 1092 1393 1121 anno
1434 1079 1644 1122 nonnulla
1687 1079 1741 1121 de
1779 1079 1861 1122 hac

180 1152 223 1193 et
241 1150 298 1192 de
323 1150 393 1201 iis,
417 1164 532 1205 quae
551 1151 591 1192 in
621 1149 841 1194 codicibus
862 1151 899 1193 ei
920 1151 1172 1202 succedunt,
1195 1152 1387 1205 protulit,
1410 1151 1512 1192 nihil
1536 1152 1639 1193 certi
1667 1154 1861 1194 statuere

177 1235 312 1265 ausus
343 1225 423 1266 est.
486 1223 650 1265 Omnes
693 1226 842 1266 autem
888 1223 970 1266 hac
1012 1224 1054 1265 in
1103 1237 1148 1265 re
1186 1224 1297 1266 inter
1341 1237 1387 1266 se
1430 1225 1708 1266 consentiunt
1768 1224 1861 1267 illas

178 1293 345 1337 litteras
377 1295 547 1349 copiam
583 1308 731 1339 rerum
769 1290 1124 1348 gravissimarum
1159 1297 1395 1338 continere.
1462 1297 1603 1338 Meum
1639 1296 1860 1348 iudicium,

180 1369 230 1409 ut
273 1366 359 1410 iam
407 1380 519 1409 nunc
564 1367 722 1418 dicam,
766 1368 848 1410 hoc
894 1371 972 1410 est.
1050 1368 1245 1421 Epistula
1299 1368 1561 1410 declamatio
1609 1369 1860 1411 recentioris

177 1436 401 1481 cuiusdam
435 1438 621 1481 rhetoris
654 1442 732 1488 est,
768 1453 855 1493 qua
879 1440 1031 1493 quinta
1054 1440 1262 1483 Isocratis
1295 1441 1450 1488 oratio,
1486 1454 1601 1495 quae
1634 1441 1861 1495 Philippus

176 1509 775 1565 inscribitur,perstringitur
807 1514 850 1555 et
875 1525 990 1566 quae
1023 1512 1064 1554 in
1100 1513 1314 1566 epistulae
1347 1513 1533 1556 formam
1567 1513 1746 1555 redacta
1780 1517 1857 1556 est.

175 1579 320 1632 Quam
353 1581 539 1625 formam
572 1585 620 1624 ut
653 1583 824 1634 efficiat,
869 1584 1151 1626 commendat
1190 1584 1377 1638 scriptor
1415 1584 1615 1639 Philippo
1655 1585 1858 1636 amicum,

179 1653 248 1696 cui
280 1655 538 1697 estnomen
561 1655 794 1709 Antipater
819 1658 862 1698 et
882 1655 986 1698 dicit
1006 1656 1125 1698 illum
1153 1656 1356 1699 Isocratis
1378 1657 1620 1699 orationem
1644 1657 1859 1710 quintam,

175 1737 275 1768 cum
307 1725 351 1768 in
388 1731 539 1778 „coetu
575 1727 833 1770 familiarum
858 1728 1146 1782 perlust.1-ata“
1178 1729 1245 1780 sit,
1274 1729 1603 1783 vituperavisse,
1638 1730 1755 1783 quod
1784 1730 1858 1772 be-

179 1797 335 1841 neficia
367 1795 599 1852 a'regibus
631 1799 921 1842 Macedonum
963 1800 1171 1843 Graeciae
1203 1801 1366 1843 tributa
1400 1801 1607 1852 omiserit,
1641 1804 1684 1843 et
1716 1802 1856 1855 ipsum

178 1869 459 1924 Antipatrum
494 1871 536 1912 in
580 1872 785 1925 operibus
826 1872 914 1914 suis
957 1873 1328 1915 demonstravisse
1369 1873 1498 1926 agrOs
1537 1873 1857 1928 Olynthiorum,

177 1954 275 1984 curn
317 1942 508 1996 antiquis
551 1944 822 1998 temporibus
865 1958 951 1986 non
993 1944 1357 1996 Chalcidensium,
1402 1946 1478 1988 sed
1527 1946 1856 1988 Heraclidarum

177 2013 349 2064 fuerint,
383 2013 477 2057 iure
508 2028 534 2057 a
566 2015 878 2058 Macedonibus
911 2017 1192 2071 occupandos
1219 2031 1325 2060 esse.
1372 2018 1452 2059 Hic
1474 2018 1707 2072 Antipater
1732 2018 1858 2060 nobis

176 2084 356 2127 omnino
375 2084 550 2139 ignotus
577 2089 656 2130 est.
714 2087 787 2129 Ille
814 2088 944 2139 enim,
967 2088 1022 2130 de
1054 2101 1141 2142 quo
1175 2089 1344 2143 Blassf‘)
1374 2090 1550 2143 cogitat,
1573 2089 1685 2132 filius
1705 2090 1856 2139 Jollae,

175 2156 248 2210 qui
280 2158 437 2212 postea
461 2158 556 2200 ‘dux
590 2158 777 2212 Philippi
809 2162 853 2201 et
885 2160 1122 2202 Alexandri
1156 2161 1248 2211 suit,
1283 2174 1369 2203 non
1403 2174 1497 2203 esse
1530 2164 1689 2215 potest.
1744 2161 1857 2204 Nam

173 2239 270 2270 cum
303 2227 505 2283 Philippo
538 2230 884 2282 commendetur,
924 2231 1022 2274 huic
1066 2232 1261 2274 nondum
1303 2235 1434 2275 notus
1472 2235 1566 2275 erat
1646 2233 1859 2276 Isocrates

174 2302 323 2343 autem
361 2301 620 2354 orationem,
663 2303 720 2345 ad
759 2316 892 2357 quam
927 2303 1034 2346 haec
1067 2304 1254 2358 epistula
1293 2306 1489 2356 refertur,
1524 2319 1640 2348 anno
1681 2306 1767 2347 :³46
1801 2305 1855 2347 ad

176 2369 423 2433 Philippum
445 2373 576 2417 misit.
597 2373 684 2416 Sed
705 2374 858 2416 eodem
887 2375 1062 2428 annom)
1084 2376 1316 2430 Antipater
1337 2390 1424 2419 una
1450 2390 1547 2419 cum
1569 2377 1859 2419 Parmenione

192 2478 201 2480 .«
251 2471 449 2482 ΙΔ-γ-ᾲῗῂψῗψ,
478 2481 494 2483 ,ἶ
510 2481 519 2483 -

318 2527 348 2572 ¹)
373 2530 570 2573 Susemihl,
597 2532 799 2565 Alexandr.
828 2533 908 2574 Lit.,
936 2533 986 2573 ΙΙ,
1013 2543 1048 2574 p.
1071 2535 1150 2575 587,
1179 2534 1264 2567 adn.
1287 2536 1342 2567 28.

317 2578 472 2629 ²›''Dem.
501 2591 533 2631 1,
553 2592 634 2623 442.
783 2590 808 2631 ²³)
837 2592 907 2623 Att.
939 2593 1227 2634 Beredsamkeit,
1255 2591 1326 2635 11²,
1354 2604 1388 2634 p.
1412 2595 1466 2626 68.

318 2645 344 2688 ⁴)
372 2648 494 2689 Antig.
522 2658 556 2682 v.
586 2650 686 2692 Kar.,
714 2660 748 2691 p.
774 2652 853 2692 182,
880 2653 965 2683 adn.
990 2654 1019 2684 3.

318 2705 345 2747 ⁵)
373 2706 551 2741 Isocrates
577 2711 654 2742 und
683 2711 743 2743 die
769 2711 1222 2754 Geschichtsschreibung,
1250 2722 1284 2753 p.
1309 2715 1388 2754 112,
1415 2714 1502 2745 adn.
1525 2715 1554 2745 3.

317 2765 344 2806 ⁸)
372 2767 575 2801 Alexandr.
603 2769 683 2811 Lit.,
714 2770 762 2811 11,
789 2780 824 2811 p.
847 2771 928 2811 482,
958 2771 1042 2803 adn.
1066 2772 1143 2805 931.

319 2823 343 2867 ⁷)
371 2827 429 2860 Kl.
451 2828 648 2870 Schriften,
671 2830 699 2871 Ι,
721 2839 756 2870 p.
781 2831 859 2862 121.

317 2884 345 2926 ’Ἴ
370 2886 471 2919 Neue
497 2888 713 2921 Untersuch.
741 2889 835 2921 fiber
861 2890 977 2931 Plato,
1005 2900 1040 2931 p.
1063 2892 1129 2923 389
1145 2900 1188 2924 ss,

315 2943 342 2985 ⁹)
370 2946 439 2979 Att.
469 2947 756 2990 Beredsamkeit,
784 2946 855 2991 11²,
883 2959 917 2990 p.
940 2951 995 2982 68.

203 3042 211 3047 ‚
301 3003 342 3044 ¹⁰)
369 3013 402 3037 a.
430 3006 464 3038 d.
492 3006 609 3039 XVII.
637 3010 671 3039 et
698 3008 795 3040 XVI.
823 3008 904 3041 Kal.
933 3007 1068 3049 Maias;
1098 3010 1142 3042 cf.
1164 3011 1347 3052 Sohaefm
1375 3011 1635 3043 Demosthenes
1657 3011 1731 3044 und
1753 3013 1853 3044 scine

173 3057 262 3105 zon,
289 3061 360 3105 11²,
388 3074 422 3105 p.
445 3066 525 3098 224.
