2254 3496
1159 234 1207 272 18

353 348 521 399 partem
556 359 606 387 ex
638 343 832 387 Platonis
865 344 1064 397 apologia
1097 344 1345 386 arcessitam
1386 355 1479 387 esse
1518 343 1715 387 videmus
1734 343 1780 398 l),
1812 343 1916 387 data
1947 345 2014 386 est

352 432 376 459 a
411 417 591 459 Socrate
623 417 677 457 ad
711 429 845 457 unum
879 429 931 457 ex
965 415 1028 465 iis,
1062 416 1132 468 qui
1167 429 1265 457 cum
1297 415 1571 470 Thrasybulo
1596 415 1769 459 Thebas
1801 415 2010 468 fugerant.

353 488 520 539 Quibus
553 487 704 529 litteris
737 487 939 528 Socrates
972 487 1089 528 illum
1123 487 1351 529 certiorem
1386 487 1485 530 facit
1517 487 1570 529 de
1596 487 1659 539 iis,
1692 500 1804 540 quae
1831 486 2012 528 Athenis

349 561 555 611 gerantur
589 561 628 600 et
662 558 783 599 addit
816 571 862 600 se
895 558 1033 612 ipsum
1067 558 1242 610 triginta
1274 559 1470 613 tyrannis
1502 559 1687 600 invisum
1721 558 1878 601 factum
1903 571 2011 608 esse,

351 630 468 683 quod
499 630 705 671 Leontem
741 629 1024 671 Salaminium
1060 629 1100 670 in
1134 629 1287 671 Piraeo
1320 629 1688 683 comprehendere
1720 628 1917 671 noluerit.
1957 629 2012 670 At

351 701 592 754 Xenophon
616 700 647 754 2)
681 703 830 742 narrat
850 701 1056 742 Leontem
1092 701 1175 742 iam
1199 700 1459 742 trucidatum
1494 713 1587 743 esse
1619 702 1852 754 antequam
1873 699 2014 742 Thra-

349 773 528 826 sybulus
556 784 658 814 cum
693 772 781 813 suis
814 771 996 813 Athenis
1029 771 1203 823 fugisset
1221 771 1267 825 3).

492 844 622 886 Vides
654 843 782 895 igitur
813 843 893 884 has
926 843 1133 896 epistulas
1165 843 1340 884 attribui
1380 855 1466 884 non
1506 855 1635 896 posse
1667 843 1848 893 Socrati,
1881 854 2013 895 quem

351 915 453 956 nihil
486 927 678 968 unquam
714 914 936 968 scripsisse
969 914 1097 956 etiarn
1134 928 1183 955 ex
1218 914 1310 956 loco
1350 914 1537 967 quodam
1579 913 1763 955 Phaedri
1803 912 2011 955 Platonici

350 986 523 1038 intelligi
556 987 713 1038 potest,
735 998 821 1038 quo
848 985 1051 1027 Socrates
1087 998 1259 1027 omnem
1303 985 1512 1026 rationem
1550 984 1787 1027 litterarum
1811 983 2012 1037 repudiat

352 1060 394 1099 et
426 1057 542 1108 dicit,
576 1070 651 1099 cur
683 1056 723 1097 id
758 1057 887 1099 saciat
903 1057 950 1110 4).

491 1129 626 1170 Venio
659 1128 714 1170 ad
747 1141 822 1170 eas
843 1127 1062 1181 epistulas,
1096 1137 1209 1180 quae
1241 1140 1337 1168 cum
1368 1126 1575 1180 Aristippi
1597 1127 1771 1168 nomine
1791 1138 2011 1169 connexae

349 1202 464 1250 sunt,
498 1202 713 1249 octavam,
756 1211 933 1247 nonam,
979 1198 1206 1248 decimam.
1246 1193 1535 1248 undecimam,
1576 1197 1893 1248 duodecimam,
1925 1199 2012 1238 ter-

348 1271 453 1327 tiam
486 1270 713 1319 decimam,
746 1271 914 1311 sextam
946 1269 1173 1319 decimam,
1208 1267 1602 1327 undetricesimam.

493 1341 762 1394 Aristippum
797 1340 1096 1394 Cyrenaicum,
1129 1339 1202 1392 qui
1233 1341 1337 1380 κατὰ
1370 1339 1491 1384 κλέος
1522 1323 1784 1391 Σωκράτους
1816 1337 2011 1380 Athenas

354 1414 546 1463 venerffat
586 1412 765 1454 Socrate
803 1413 974 1452 mortuo
1017 1410 1307 1463 sophistarum
1343 1409 1653 1452 consuetudine
1685 1412 1822 1451 terras
1854 1408 2010 1462 permi-

346 1495 493 1534 grasse
524 1485 674 1523 notu-m
708 1484 785 1523 est.
849 1481 1032 1534 Saepius
1064 1481 1299 1534 Syracusas
1327 1481 1454 1530 venit,
1488 1480 1559 1521 uhi
1593 1479 1896 1534 Dionysiorum
1928 1478 2007 1520 ho-

349 1554 476 1607 spitio
523 1554 740 1595 utebatur.
818 1541 888 1594 Ad
934 1553 1045 1595 hanc
1090 1551 1480 1605 peregrinationem
1524 1551 1742 1605 pertinent
1786 1550 2008 1604 epistulae,

349 1637 436 1666 una
470 1626 664 1677 excepta,
697 1625 750 1665 de
772 1623 928 1676 quibus
970 1636 1083 1664 nunc
1116 1622 1360 1676 disputabo.

490 1696 535 1736 In
570 1697 726 1737 octava
761 1694 1055 1743 Antisthenes,
1090 1694 1161 1747 qui
1195 1693 1322 1736 etiam
1358 1693 1413 1736 ab
1447 1693 1538 1734 aliis
1573 1692 1770 1734 inimicus
1801 1691 2008 1747 Aristippi

353 1766 618 1821 appellatur·
616 1767 659 1819 ),
700 1765 919 1817 gravibus
933 1765 1075 1806 verbis
1106 1764 1373 1817 Aristippum
1413 1765 1602 1813 accusat,
1634 1764 1750 1822 quod
1788 1762 2013 1817 Syracusis

353 1838 469 1879 vitae
503 1837 777 1880 effeminatae
803 1850 848 1878 se
870 1836 1047 1878 dederit.
1113 1836 1159 1877 Ei
1182 1835 1348 1884 suadet,
1375 1837 1423 1876 ut
1448 1834 1655 1876 hellebori
1682 1834 1857 1876 bibendi
1879 1847 2010 1877 causa

349 1908 600 1961 Anticyram
635 1920 680 1948 se
713 1907 917 1948 conferat.
982 1906 1094 1956 Quin
1128 1906 1195 1947 hic
1227 1906 1395 1947 dicatur
1427 1905 1480 1946 de
1513 1905 1618 1946 urbe
1639 1905 1845 1959 Anticyra
1875 1907 1924 1947 ut
1955 1905 2010 1948 de

349 1979 456 2030 loco,
489 1992 576 2032 quo
609 1978 819 2028 homines,
859 1981 906 2019 ut
940 1991 990 2019 cx
1028 1977 1180 2019 morbo
1219 1990 1264 2018 se
1303 1976 1511 2027 reficiant,
1549 1976 1889 2029 proficiscantur,
1921 1989 2008 2019 non

348 2050 527 2091 dubium
556 2052 632 2091 est.
664 2090 666 2093 ,
696 2049 886 2090 Primum
916 2061 1073 2100 nomen
1102 2047 1307 2089 hellebori
1336 2048 1539 2100 scriptum
1569 2047 1764 2088 videmus
1790 2047 1830 2088 in
1858 2047 2009 2089 litteris

350 2121 525 2163 Graecis
567 2114 682 2174 apud
729 2118 1064 2173 Aristophanem
1114 2119 1154 2160 in
1205 2118 1362 2169 sabula,
1413 2131 1525 2172 quae
1565 2131 1724 2170 vespae
1764 2112 2009 2160 inscribitur

348 2193 403 2248 (v.
431 2189 571 2244 1489).
629 2192 741 2233 Tum
769 2191 899 2233 etiam
927 2191 968 2232 in
996 2189 1285 2244 Theophrasti
1311 2190 1491 2232 historia
1515 2189 1762 2242 plantarum
1791 2189 1878 2243 (IX,
1900 2191 1943 2240 9,
1962 2189 2006 2242 Ξ)

490 2307 516 2348 ¹)
544 2309 609 2347 Ep.
626 2308 725 2339 Socr.
741 2308 823 2347 VII,
847 2310 883 2346 lq:
907 2305 1006 2347 Ἐμοὶ
1033 2304 1071 2338 δὲ
1089 2303 1216 2348 συνέβη
1231 2302 1327 2345 ἶμετὰ
1352 2302 1413 2347 τὴν
1430 2302 1657 2347 ἀποχώρησιν
1675 2303 1811 2340 εὐθέως
1835 2303 2006 2337 ὑποπτευ-

346 2367 474 2410 19171αι.
496 2395 503 2401 .
527 2395 534 2401 ,
578 2364 748 2407 Ημέραις
774 2365 806 2397 δ’
838 2364 879 2397 ο1’.1
904 2363 1045 2400 πολλαῖς
1071 2376 1213 2406 νοτερο1
1239 2362 1538 2405 ἀ11ακαΛεσάμε1οί
1563 2375 1607 2404 με
1632 2362 1679 2399 εἷς
1705 2360 1767 2405 τὴν
1791 2361 1898 2395 θόλον
1922 2360 2007 2406 ἦγον

346 2453 354 2461 ,
434 2424 493 2457 καὶ
519 2424 603 2457 ῖὲ1αι
628 2422 672 2466 μὲ
696 2422 815 2456 §xi-im
810 2436 857 2456 ον
882 2422 929 2460 εἰς
959 2422 1105 2464 Πειραιᾶ
1131 2421 1190 2454 καὶ
1217 2421 1348 2454 Λέοντα
1375 2420 1636 2464 σιλΛαμβάνεη.
1679 2419 1748 2453 Ην
1773 2419 1812 2453 δὲ
1836 2419 1857 2462 ἢ
1884 2419 2004 2464 γνώμη

345 2484 462 2518 afim»
483 2512 490 2519 .
512 2511 520 2519 .
542 2482 629 2525 ,εμὲ
654 2482 835 2515 κοι11ωνὸ1
834 2473 1025 2515 ποιεῖσθαι
1052 2485 1110 2514 τοῦ
1136 2477 1364 2524 ἀδικηματος.

440 2572 443 2573 ⁷
490 2544 578 2575 Plat.
594 2543 690 2582 apol.
708 2542 803 2575 320.
821 2539 963 2584 Ἐπειδὴ
985 2539 1024 2573 δὲ
1039 2540 1217 2583 ὁλι)αρχία
1236 2539 1263 2583 ε’)
1263 2539 1366 2572 ε’1ετο
1386 2539 1422 2571 οἷ
1432 2536 1615 2581 ’τριάκοντα
1635 2551 1678 2571 av
1697 2537 2012 2581 μεταπεμψάμενοί

346 2615 388 2641 με
413 2600 568 2644 πεμπτὸν
587 2599 690 2633 αὐτὸν
710 2599 758 2641 εἷς
778 2598 840 2642 τὴν
858 2599 966 2639 θόλον
982 2598 1198 2641 προσέταξαν
1217 2598 1353 2641 ἀγαγεῖν
1377 2595 1418 2630 ἐκ
1439 2596 1636 2639 Σαλαμῖνος
1655 2596 1787 2632 Λέοντα
1813 2595 1871 2631 τὸν
1890 2596 2006 2630 Σαλα-

344 2661 468 2703 μίνιον,
495 2660 549 2692 ἵνα
568 2658 753 2699 ἀποθάνοι,
774 2658 829 2691 οἷα
850 2656 893 2701 δὴ
914 2657 973 2690 καὶ
993 2657 1108 2694 ἄλλοις
1127 2656 1251 2689 ἐκεῖνοι
1271 2655 1409 2705 πολλοῖς
1428 2654 1536 2688 πολλὰ
1554 2654 1783 2698 προσέταττον
1800 2655 2015 2700 βουλόμενοι,

346 2719 394 2755 ὡς
419 2718 596 2754 πλείστους
622 2705 814 2760 ἀναπλῆσαι
840 2716 969 2751 αἰτιῶν.

454 2770 471 2775 ”
489 2777 513 2817 2)
542 2774 631 2809 Xen.
659 2766 741 2809 hist.
770 2778 819 2818 11,
841 2779 872 2818 3,
895 2777 957 2816 395
986 2778 1042 2808 42.

489 2835 512 2877 ²³)
541 2837 583 2868 cf.
613 2836 994 2876 Bentley(-Ribbeek),
1020 2844 1054 2875 p.
1078 2837 1155 2867 543.

486 2894 514 2935 ¹⁴)
542 2890 631 2926 Plat.
662 2895 816 2938 ?llaedr.
844 2904 878 2934 p.
901 2896 967 2925 275
983 2903 1027 2926 s.:
1060 2893 1168 2926 Τοῦτο
1193 2891 1257 2936 γὰρ
1284 2895 1354 2925 τῶν
1377 2892 1567 2935 μαθόντων
1591 2891 1706 2935 λήθην
1729 2890 1793 2931 μὲν
1817 2891 1854 2925 ἓν
1872 2896 2004 2935 ψυχαῖς

344 2952 484 2994 παρέξει
503 2952 643 2996 μνήμης
663 2952 878 2996 ἀμελετησίᾳ,
904 2953 962 2986 ἅτε
982 2951 1038 2986 διὰ
1057 2953 1169 2985 πίστιν
1187 2955 1326 2995 γραφῆς
1345 2951 1479 2991 ἔξωθεν
1498 2950 1558 2984 ὑπ’
1575 2950 1771 2993 ,ἀλλοτρίων
1789 2950 1919 2993 τύπων,
1937 2949 2004 2984 οὐκ

345 3011 489 3044 ἔνδοθεν
514 3011 639 3048 αὐτοὺς
665 3011 729 3054 ὑφ’
759 3011 875 3045 αὑτῶν
900 3010 1282 3054 ἀναμιμνήσκομένους,
1336 3009 1478 3044 Οὔκουν
1501 3009 1641 3053 μνήμης
1665 3008 1750 3043 ἀλλὰ
1775 3007 2004 3052 ὑπομνήσεως

346 3070 536 3113 φάρμακον
562 3069 671 3113 εὗρες.
721 3072 764 3103 ef.
794 3072 924 3112 Bruns‚
952 3071 1018 3103 Lit.
1047 3070 1190 3102 Portrat
1218 3071 1283 3101 der
1308 3070 1498 3110 Griechen‚
1525 3079 1548 3110 p
1583 3071 1649 3101 266
1665 3079 1690 3101 S.

488 3129 515 3169 ³¹)
541 3131 584 3162 cf.
611 3131 761 3171 Natorp,
789 3131 966 3162 Parth-W.
994 3130 1043 3170 II,
1068 3133 1097 3170 1,
1125 3140 1158 3170 p.
1181 3131 1259 3161 903.
