2254 3496
1141 210 1191 249 20

332 321 411 363 bus
452 323 660 375 tyrannus
701 321 786 362 κατ’
831 321 982 375 ἕξοχήν
1024 323 1128 363 erat.
1194 321 1307 372 Quin
1341 324 1487 364 autem
1526 322 1636 366 filius
1677 323 1790 364 illius
1822 323 1997 378 tyranni

331 393 591 444 designetur,
626 392 666 433 in
700 392 878 433 dubium
902 392 1047 434 vocari
1074 405 1159 433 non
1188 395 1344 445 potest.
1391 392 1501 436 Nam
1530 393 1653 436 Plato
1679 396 1745 437 ter
1770 394 1996 448 Syracusis

331 465 425 505 erat
457 465 498 504 et
528 462 699 503 tertium
729 475 815 504 una
839 475 935 503 cum
964 463 1183 516 Aristippo
1215 476 1331 504 anno
1365 464 1464 505 361.
1516 463 1608 506 Hoc
1640 463 1769 516 igitur
1799 467 1996 519 tempore

328 533 407 575 has
433 534 542 575 duas
569 532 775 586 epistulas
808 533 991 586 scriptas
1030 546 1122 575 esse
1161 536 1394 587 oporteret,
1434 534 1468 575 si
1501 547 1629 577 verae
1661 538 1818 578 essent.
1881 535 1996 578 Sane

329 606 482 645 auctor
514 604 771 646 Aeschinem
802 604 902 646 facit
928 604 1184 646 scribentem
1214 605 1267 646 ad
1296 605 1844 659 Aristippum‘Syracusas,
1865 620 1995 660 quem

330 674 463 725 illum,
497 687 594 715 cum
628 677 889 727 paupertate
922 678 1202 728 premeretur,
1237 675 1454 718 adiuvisse
1481 678 1522 717 et
1554 676 1609 718 ad
1638 677 1888 731 Dionysium
1921 677 1996 720 de-

327 745 500 786 duxisse
533 745 695 787 sciebat
713 746 757 799 1).

471 815 676 868 Epistula,
711 828 824 868 quae
856 816 1144 869 subsequitur,
1180 816 1438 857 duodecima
1470 816 1589 858 Simo
1623 817 1692 858 ille
1732 821 1854 860 sutor
1885 819 1995 861 cele-

328 887 600 928 bratissimus
639 887 838 939 obiurgat
880 888 1162 940 Aristippum,
1202 887 1273 940 qui
1318 888 1575 941 sapientiam
1625 901 1749 931 suam
1792 890 1995 944 Dionysio

328 961 556 1011 praesente
602 958 810 1000 deriserit.
875 959 941 999 Ad
983 959 1099 1012 quod
1138 958 1422 1012 philosophus
1463 958 1725 1014 Cyrenaicus
1762 961 1996 1015 respondet

330 1043 375 1071 se
409 1030 655 1071 amiciorem
691 1030 781 1071 eius
814 1043 908 1072 esse
940 1043 1069 1082 quam
1104 1030 1430 1080 Antisthenem;
1464 1044 1564 1073 nam
1605 1044 1652 1073 se
1691 1031 1844 1073 calceis
1870 1035 1995 1074 uten-

329 1103 415 1142 tem
451 1101 542 1142 eius
574 1102 713 1143 artem
747 1101 967 1148 adiuvare,
1002 1101 1419 1152 cum‘Antisthenes,
1453 1102 1525 1154 qui
1558 1102 1685 1143 nudis
1715 1103 1900 1156 pedibus
1933 1103 1994 1144 in*

327 1172 512 1223 cederet,
571 1185 669 1213 eum
726 1173 926 1214 mercede
983 1172 1215 1215 fraudaret.
1298 1173 1487 1226 Ineptias
1529 1173 1810 1225 nugatorias!
1875 1173 1994 1224 Quas

326 1243 509 1285 Athenis
536 1243 578 1284 in
606 1243 796 1284 Siciliam
824 1243 978 1285 missas
1000 1256 1094 1285 esse
1115 1245 1345 1296 putemus?
1398 1244 1598 1285 Ceterum
1627 1244 1747 1285 Simo
1768 1257 1992 1298 nunquam

330 1314 407 1356 fuit
440 1327 581 1367 neque
614 1327 808 1367 unquam
843 1314 1048 1367 epistulas
1080 1314 1266 1355 scribere
1298 1315 1437 1367 potuit
1456 1314 1501 1368 ².)

472 1386 717 1438 Aristippus
738 1385 973 1438 respondet
994 1398 1079 1426 non
1101 1398 1146 1427 se
1167 1398 1265 1427 eum
1281 1385 1580 1438 perstringere,
1603 1386 1677 1428 sed
1701 1354 1992 1430 Phaedonem.

329 1456 494 1507 Quibus
527 1457 668 1498 verbis
713 1459 934 1499 auctorem
976 1470 1063 1506 eos,
1102 1457 1174 1510 qui
1219 1457 1296 1499 has
1335 1457 1500 1499 litteras
1539 1457 1697 1510 legant,
1737 1457 1790 1498 de
1822 1447 1993 1510 dialogo

326 1528 585 1578 Phaedonis‚
620 1528 691 1581 qui
726 1527 874 1569 Simon
898 1528 1154 1578 inscribitur,
1187 1528 1423 1570 admonere
1456 1528 1562 1570 velle
1594 1528 1699 1570 mihi
1732 1541 1992 1582 persuasum

329 1603 393 1641 est
409 1600 457 1653 3),
521 1600 665 1653 Atque
698 1613 791 1641 cum
833 1599 1036 1652 loquatur
1076 1600 1129 1640 de
1162 1599 1333 1641 Prodici
1375 1599 1417 1640 in
1457 1599 1682 1641 Herculem
1728 1599 1992 1650 laudatione,

329 1683 459 1724 quam
494 1671 610 1724 quod
637 1670 934 1723 perstrinxerit
975 1670 1139 1711 Simoni
1173 1685 1198 1712 a
1231 1670 1466 1711 Phaedone
1505 1670 1670 1712 crimini
1712 1670 1854 1720 datur,
1888 1670 1992 1712 doc-

328 1743 485 1784 trinam
507 1755 646 1791 suam,
668 1754 798 1795 quam
822 1741 973 1793 petivit
994 1755 1044 1783 ex
1065 1741 1365 1794 Xenophontis
1388 1741 1738 1784 memorabilibus
1759 1741 1826 1796 (ΙΙ,
1846 1742 1882 1791 1,
1900 1742 1990 1796 21),

333 1813 562 1855 ostendere
589 1813 693 1854 vult.
727 1812 842 1854 Satis
869 1812 1018 1865 gravia
1040 1813 1172 1853 verba
1197 1814 1442 1866 σοφώτερον
1470 1812 1689 1865 Προδίκου
1717 1825 1809 1855 esse
1842 1812 1991 1855 viden-

328 1887 409 1926 tur.
457 1884 739 1926 Proverbium
762 1884 875 1924 enim
899 1884 1027 1925 luisse
1059 1884 1275 1925 veteribus
1297 1883 1547 1936 Apostolius
1575 1883 1992 1937 paroemiographus

329 1955 564 1997 memoriae
583 1955 784 2008 prodidit.
831 1956 927 2008 Ipse
953 1955 1126 2008 quidem
1151 1967 1239 1996 non
1259 1954 1599 2008 comprehendit,
1632 1968 1730 1997 cum
1756 1955 1990 2008 scripserit:

328 2025 449 2072 οὗτος
486 2027 537 2080 ἧν
569 2027 639 2067 καὶ
677 2026 811 2080 σοφὸς
847 2027 936 2067 λίαν
973 2027 1043 2067 καὶ
1075 2027 1253 2080 ἀκριβὴς
1285 2027 1480 2079 δικαστὴς
1517 2026 1588 2067 καὶ
1629 2027 1844 2080 διαιτητής.
1905 2026 1991 2068 Sed

329 2098 491 2139 Zellero
508 2098 664 2140 dicenti
682 2100 710 2146 4)
740 2097 842 2138 illud
869 2098 1159 2150 proverbium,
1188 2110 1282 2139 cum
1305 2097 1624 2139 substantivum
1645 2098 1852 2149 πρόδικος
1877 2097 1989 2139 idem

328 2170 471 2211 valeat
497 2172 628 2222 atque
654 2169 829 2219 arbiter,
858 2169 1044 2210 Graecos
1078 2170 1259 2211 sortasse
1280 2168 1321 2209 in
1349 2182 1444 2211 eam
1472 2169 1731 2210 sententiam
1759 2167 1990 2221 accepisse,

328 2242 375 2281 ut
408 2240 702 2292 intellegerent
742 2240 819 2281 illis
860 2239 999 2281 verbis
1044 2239 1126 2281 dici
1165 2240 1383 2280 hominem
1424 2239 1641 2292 quendam
1684 2238 1988 2292 sapientiorem

328 2324 422 2352 esse
460 2311 637 2362 arbitro,
676 2311 931 2363 adstipulari
972 2324 1056 2352 non
1098 2324 1288 2364 possum,
1332 2310 1447 2363 quod
1496 2310 1685 2363 antiquis
1722 2309 1989 2363 temporibus

329 2395 373 2423 re
407 2396 507 2423 vera
541 2382 752 2435 sapientia
785 2382 950 2423 Prodici
986 2382 1257 2424 laudabatur.
1321 2382 1519 2423 Ceterum
1562 2394 1646 2422 non
1689 2381 1886 2422 existimo
1920 2394 1990 2422 ar-

329 2453 463 2494 bitros
496 2457 583 2496 tam
619 2453 775 2494 eximia
808 2453 1020 2506 sapientia
1053 2453 1308 2495 excellentes
1341 2452 1482 2502 fuisse,
1515 2454 1563 2493 ut
1595 2452 1675 2493 hoc
1712 2451 1986 2504 proverbium

328 2524 429 2565 oriri
462 2527 621 2577 posset.
686 2524 966 2565 Proverbium
1004 2525 1156 2577 ipsum,
1191 2537 1285 2565 cum
1320 2524 1450 2564 breve
1483 2535 1575 2565 esse
1607 2525 1820 2575 oporteat,
1870 2522 1987 2575 Προ-

329 2595 448 2635 δίκου
490 2597 733 2647 σοφώτερος
778 2595 908 2636 fuisse
953 2595 1180 2636 verisimile
1226 2597 1302 2643 est,
1348 2606 1434 2635 non
1484 2593 1699 2646 Προδίκου
1743 2597 1815 2634 τοῦ
1848 2593 1988 2634 Κειου.

472 2721 497 2762 ¹)
524 2723 567 2753 ef.
596 2722 698 2762 Diog.
727 2722 763 2753 L.
791 2722 840 2762 ΙΙ,
863 2723 925 2760 61;
955 2721 1024 2761 ΙΙΙ,
1046 2721 1100 2752 36.

471 2780 497 2820 ’3)
525 2781 780 2820 Wilamowitz,
817 2781 941 2811 Herm.
982 2780 1078 2819 XIV,
1105 2788 1138 2818 p.
1170 2780 1252 2811 187:
1292 2778 1368 2810 Dass
1406 2778 1472 2809 der
1509 2778 1680 2810 Schuster
1718 2777 1844 2810 Simon
1881 2777 1988 2809 keine

329 2841 544 2872 historisehe
566 2840 679 2880 Figur
705 2840 759 2879 ist,
786 2840 944 2871 sondern
967 2839 1026 2870 die
1044 2838 1164 2869 ideale
1184 2837 1472 2877 Verkorperung
1492 2837 1557 2868 der
1577 2837 1758 2877 Schuster,
1784 2837 1850 2868 mit
1870 2836 1987 2868 denen

329 2900 500 2932 Sokrates
526 2909 569 2930 zu
596 2899 908 2939 exemplifizieren
936 2898 1080 2938 pflegte‚
1108 2897 1199 2928 weiss
1224 2897 1327 2937 jeder
1353 2897 1482 2928 Knabe
1508 2906 1551 2928 zu
1578 2905 1698 2936 sagen.

472 2956 498 2998 3)
519 2958 752 2989 Phaedonem
774 2957 981 2997 complures
996 2957 1162 2995 dialogos
1181 2955 1367 2995 scripsisse
1381 2955 1525 2995 scimus,
1546 2963 1704 2994 quorum
1727 2954 1800 2985 duo
1821 2954 1988 2993 Zopyrus

328 3020 362 3048 et
388 3016 488 3049 Simo
513 3016 664 3056 genuini
692 3017 930 3055 putabantur.
982 3016 1024 3046 cf.
1053 3015 1155 3054 Diog.
1178 3014 1213 3045 L.
1244 3014 1292 3054 ΙΙ,
1315 3015 1399 3045 105:
1428 3012 1608 3056 διαλόγους
1628 3010 1667 3045 δὲ
1685 3011 1882 3055 συνέγραψε
1905 3023 1986 3054 γνη-

328 3075 423 3111 σίους
448 3073 511 3117 μὲν
537 3073 723 3116 Ζώπυρον,
749 3074 895 3116 Σᾪιωτά
917 3102 924 3109 .
948 3099 953 3105 .
977 3099 983 3105 .
1035 3074 1077 3104 Of.
1106 3073 1364 3113 Wilaniowitz,
1393 3073 1517 3103 Herm.
1546 3072 1641 3112 XIV,
1669 3081 1703 3111 p.
1724 3072 1791 3102 476
1805 3080 1831 3102 s.

470 3131 498 3174 ⁴)
525 3133 652 3173 Zeller,
681 3130 719 3164 1²
745 3143 778 3172 p.
803 3134 902 3164 1062.
