2254 3496
1023 218 1071 256 27

221 327 450 371 rettulisse.
515 328 695 370 Famam
733 328 978 381 probissimi
1014 328 1090 370 viri
1122 327 1282 369 iniuste
1310 327 1468 380 capitis
1495 327 1689 370 damnati
1718 327 1803 369 iam
1834 340 1904 369 us-

221 411 307 454 que
337 399 392 441 ad
426 398 824 441 Lacedaemonicos
857 400 1118 452 pervenisse.
1183 399 1241 440 At
1272 398 1517 452 Xenophon
1554 401 1651 440 tum
1686 412 1776 440 non
1807 401 1905 446 etat

222 470 564 521 Lacedaemone,
609 471 683 512 sed
730 471 772 512 in
806 471 910 514 Asia
953 471 1324 514 commorabatur.
1388 471 1449 514 De
1491 471 1698 513 militibus
1740 483 1905 513 merce-

221 541 355 586 nariis
387 542 578 585 scribere
612 556 698 586 non
733 546 929 598 poterat:
981 543 1033 586 Oi
1071 543 1402 597 Λακεδαιμόνιοι
1444 543 1580 584 (δεινὸν
1612 547 1804 584 ποιοῦσιν
1836 543 1905 584 καὶ

221 615 466 663 κακίζουσιν
497 614 568 656 τὸν
596 615 735 670 δῆμον
766 616 906 670 ἡμῶν,
940 629 1035 657 cum
1065 628 1232 666 eorum,
1260 628 1446 669 quorum
1475 629 1609 669 parva
1645 628 1745 669 pars
1773 615 1905 658 Lace-

221 686 440 729 daemonii
485 689 622 738 erant,
657 700 741 729 non
787 687 972 729 multum
1006 688 1236 730 interesset
1278 687 1502 730 Socratem
1553 687 1673 729 mori.
1738 687 1906 730 Tamen

221 757 427 811 legimus:
476 759 532 801 Τὸ
565 759 646 812 γὰρ
684 761 828 805 πάθος
860 760 941 814 ἤδη
975 761 1072 815 ἄχρι
1111 760 1182 802 καὶ
1215 761 1342 814 δεῦρο
1382 761 1545 802 διῖκται.
1606 759 1772 802 Deinde
1805 759 1908 801 dicit

222 829 468 884 Xenophon
501 843 547 873 se
582 844 758 885 quoque
791 831 906 873 dicta
940 834 980 873 et
1015 831 1129 874 facta
1171 831 1363 884 magistri
1407 831 1583 883 „litteris
1616 831 1897 884 consignare“

224 901 383 945 debere
417 905 459 944 et
492 903 604 945 hanc
637 903 849 956 optimam
884 904 1180 946 defensionem
1210 904 1321 945 illius
1349 904 1536 946 suturam
1568 918 1674 946 esse.
1739 903 1907 955 Quibus

224 974 366 1016 verbis
398 974 614 1027 designari
648 975 820 1017 videtur
853 975 1186 1029 Xenophontem
1228 976 1314 1017 iam
1356 976 1409 1018 de
1442 976 1747 1030 componendo
1781 976 1905 1027 libro,

223 1046 298 1103 qui
331 1047 535 1099 ἀπολογία
570 1047 830 1099 inscribitur,
864 1048 1090 1106 cogitasse..
1154 1047 1240 1090 Sed
1269 1048 1369 1090 illud
1398 1061 1522 1102 opus,
1557 1048 1673 1102 quod
1707 1063 1733 1090 a
1762 1047 1907 1090 multis

224 1117 325 1160 viris
356 1118 496 1161 doctis
516 1119 710 1173 spurium
739 1120 939 1171 habetur,
965 1122 1062 1174 post
1091 1133 1253 1161 annum
1282 1120 1459 1162 demum
1483 1121 1569 1162 394
1595 1121 1802 1169 scriptum
1827 1123 1907 1172 est,

223 1203 322 1233 cum
357 1191 606 1245 Polycrates
638 1191 836 1246 sophista
869 1191 1191 1234 accusationem
1227 1192 1421 1234 Socratis
1460 1191 1677 1235 edidisset.
1744 1193 1906 1234 Eodem

223 1261 354 1316 igitur
386 1276 516 1314 auno,
560 1276 648 1317 quo
689 1262 975 1317 philosophus
1014 1267 1216 1306 mortuus
1254 1267 1319 1306 est
1352 1264 1420 1306 vel
1460 1265 1591 1318 paulo
1631 1267 1730 1318 post
1764 1264 1909 1307 Xeno-

223 1334 341 1389 phon
370 1334 451 1377 illis
475 1335 614 1377 verbis
642 1348 728 1377 non
756 1337 929 1389 poterat
964 1335 1022 1377 uti
1052 1349 1192 1390 neque
1221 1336 1282 1386 iis,
1317 1349 1431 1390 quae
1457 1340 1713 1391 sequuntur,
1748 1337 1906 1391 quibus

224 1406 328 1449 dicit
359 1419 405 1448 se
437 1406 524 1450 iam
561 1406 756 1448 Platonis
795 1406 951 1449 librum
992 1407 1083 1450 eius
1121 1408 1290 1460 generis
1324 1408 1496 1459 vidisse,
1536 1421 1633 1451 cum
1669 1408 1796 1450 huius
1830 1408 1908 1450 v1ri

223 1477 427 1532 apologia
460 1477 574 1519 circa
607 1490 771 1519 annum
808 1479 891 1519 393
926 1478 1122 1520 confecta
1150 1478 1214 1519 sit.
1281 1479 1486 1521 Ceterum
1514 1479 1759 1532 Xenophon
1788 1479 1905 1521 illum

225 1549 384 1594 librum
412 1549 611 1602 Megarae
639 1549 840 1592 evolvere
865 1562 952 1591 non
980 1552 1167 1603 poterat,
1202 1564 1301 1592 nam
1332 1564 1430 1593 eum
1459 1551 1756 1605 compluribus
1782 1552 1908 1592 annis

225 1623 324 1677 post
356 1634 409 1663 ex
442 1621 546 1663 Asia
579 1621 743 1664 redisse
776 1635 928 1664 omnes
961 1623 1102 1664 sciunt
1121 1624 1163 1673 1).
1228 1623 1477 1676 Antequam
1517 1626 1667 1666 autem
1708 1623 1776 1665 ille
1810 1637 1907 1665 cum

224 1693 419 1748 exercitu
438 1693 800 1747 proficisceretur,
822 1694 1026 1736 Socrates
1050 1695 1243 1737 nondum
1270 1698 1468 1737 mortuus
1493 1697 1586 1737 erat
1606 1708 1747 1749 neque
1768 1695 1908 1746 Plato,

224 1767 274 1808 ut
305 1765 353 1807 fit
384 1765 426 1807 in
461 1768 655 1809 extrema
681 1766 881 1819 epistula,
909 1769 1083 1821 ποιητής
1116 1767 1326 1821 appellari
1359 1770 1545 1821 poterat,
1579 1768 1695 1822 quod
1731 1768 1908 1810 omnino

225 1836 329 1880 nihil
362 1836 608 1891 scripserat.

369 1908 465 1951 Non
507 1923 648 1963 pauca
690 1909 874 1952 dicenda
917 1913 1018 1952 sunt
1059 1911 1112 1953 de
1156 1911 1342 1964 epistula
1387 1912 1573 1965 septima
1617 1912 1798 1954 decima.
1861 1912 1908 1953 In

225 1980 417 2023 secunda
449 1981 728 2035 paragrapho
763 1981 1053 2024 Athenienses
1086 1982 1280 2024 Socratis
1313 1986 1592 2025 accusatores
1625 1983 1666 2024 in
1700 1983 1906 2025 iudicium

226 2056 405 2096 vocatos
427 2052 582 2106 capitis
608 2053 888 2096 damnavisse
915 2054 1124 2103 seruntur,
1159 2055 1277 2108 quod
1306 2055 1463 2097 falsum
1491 2068 1586 2097 esse
1613 2055 1698 2098 iam
1730 2055 1908 2109 Bentley

222 2124 442 2179 cognovit..
508 2125 568 2167 De
610 2124 659 2166 iis
701 2138 845 2167 rerum
888 2125 1122 2179 scriptores
1167 2127 1286 2169 varia
1328 2127 1565 2169 memoriae
1607 2127 1908 2182 prodiderunt.

226 2195 357 2251 Apud
390 2196 625 2249 Diogenem
653 2197 874 2239 Laertium
908 2197 1117 2251 scriptum
1146 2198 1344 2240 videmus
1378 2200 1448 2254 (ll,
1468 2199 1568 2255 43):
1601 2201 1672 2240 καὶ
1705 2200 1800 2245 τοὺς
1832 2200 1910 2253 μὲν

225 2268 533 2322 ἐφυγάδευσαν,
566 2269 764 2323 ΛΙελήτου
799 2286 839 2311 τε
873 2270 1060 2311 ’θάνατον
1092 2272 1363 2324 κατέγνωσαν
1385 2306 1393 2314 .
1416 2305 1423 2313 .
1448 2272 1650 2312 ,Ἄνυτόν
1692 2288 1732 2313 τε
1764 2272 1908 2325 ἐπιδη-

225 2341 418 2394 μήσαντα
450 2341 702 2395 αὐθημερὸν
734 2342 993 2395 ἐξεκήρυξαν
1021 2342 1322 2395 Ἡρακλεῶται.
1386 2344 1444 2384 At
1477 2343 1736 2385 Plutarchus
1776 2343 1817 2384 in
1857 2357 1908 2385 eo

225 2412 352 2463 libro,
373 2426 461 2466 quo
476 2412 607 2455 deira
622 2413 826 2466 loquitur,
851 2413 1024 2456 exhibet
1041 2413 1046 2468 Ι
1063 2427 1168 2456 mor.
1185 2428 1226 2468 p.
1244 2416 1330 2456 538
1346 2414 1426 2470 A]:
1456 2415 1561 2461 Τοὺς
1576 2420 1678 2469 γοῦν
1692 2416 1907 2470 Σωκράτη

228 2486 640 2539 συκοφαντήσαντας,
674 2487 734 2531 ὡς
767 2487 823 2531 εἰς
855 2487 1030 2539 ἔσχατον
1062 2488 1212 2532 κακίας
1245 2487 1504 2540 ἐληλακότες,
1537 2489 1675 2533 οὕτως
1707 2489 1910 2542 ἐμίσησαν

228 2557 270 2598 οἷ
298 2544 459 2598 πολῖται
491 2557 562 2597 καὶ
595 2558 938 2612 ἀπεστράφησαν,
972 2558 1033 2603 ὡς
1058 2559 1162 2612 μήτε
1194 2563 1280 2611 πῦρ
1307 2560 1436 2607 αὔειν,
1470 2560 1566 2613 μήτ’
1604 2560 1910 2612 ἀποκρίνεσθαι

227 2629 580 2682 πυνθανομένοις,
619 2630 724 2683 μήτε
763 2630 1010 2682 λουομένοις
1051 2635 1270 2671 κοινωνεῖν
1312 2632 1476 2678 ἱῗὸατος,
1522 2632 1612 2672 ἀλλ’
1659 2632 1910 2686 ἀναγκάζειν

229 2700 365 2754 ἐκχεῖν
405 2701 540 2743 ἐκεῖνο
582 2701 677 2747 τοὺς
714 2702 960 2755 παραχύτας
1001 2702 1062 2747 ὡς
1102 2704 1402 2755 μεμιασμένον,
1446 2704 1528 2748 ἕως
1569 2703 1809 2756 ἀπήγξαντο
1848 2703 1907 2757 μὴ

228 2773 428 2824 φέροντες
472 2772 517 2813 τὸ
560 2777 698 2824 μῖσος,
772 2772 915 2824 Quam
960 2773 1254 2816 narrationem
1303 2787 1389 2816 non
1435 2787 1582 2817 veram
1630 2787 1725 2817 esse
1770 2787 1910 2828 neque

230 2841 422 2902 fontibus
454 2842 531 2885 niti
564 2843 670 2887 satis
697 2846 897 2897 apertum
928 2847 993 2886 est
1019 2847 1263 2899 propterea,
1299 2845 1416 2899 quod
1443 2845 1591 2888 omnia
1618 2859 1670 2888 ea
1696 2846 1750 2888 de
1778 2859 1911 2888 causa

227 2901 363 2957 allata
395 2917 511 2963 sunt,
547 2917 592 2956 ut
625 2915 963 2968 demonstretur,
998 2928 1085 2969 quo
1120 2916 1168 2966 is,
1202 2916 1276 2970 qui
1297 2916 1501 2959 omnibus
1528 2917 1778 2959 hominibus
1810 2917 1910 2959 odio

229 2985 299 3037 sit,
344 2986 582 3039 perveniat.
658 2986 745 3029 Sed
789 2986 1027 3038 videamus,
1074 2987 1178 3041 quid
1223 2987 1490 3030 Themistius
1534 2988 1753 3042 scripserit
1798 2988 1909 3043 (XX,

378 3130 402 3172 ¹)
430 3131 616 3173 Rehdanz‚
645 3132 738 3164 Xen.
766 3133 876 3165 anab.
904 3133 960 3164 ed.
990 3141 1025 3172 p.
1048 3134 1102 3164 34.
