2254 3496
386 273 593 328 ἐνεργεῖν
638 270 868 325 (XXXIII).
945 271 1026 323 Ap.
1075 271 1175 311 vett.
1225 268 1354 323 {Lys,
1401 267 1546 316 Arist„
1592 265 1834 320 Theophr)
1875 286 1925 299 :-

245 344 414 399 ἐνεργός
445 345 542 397 εἰμι.
605 343 700 384 Hoc
725 346 870 386 autem
905 342 999 384 loeo
1027 345 1092 384 est
1119 341 1298 383 verbum
1329 339 1605 382 transitivum
1634 336 1762 393 [ὥστε
1793 338 1929 392 μηὸὲν

244 418 301 458 ἔτι
326 417 506 470 ἐνεργεῖν
533 414 762 470 δύνασθαι]
786 435 840 449 =
863 416 1017 464 facere,
1039 416 1259 468 perticere,
1287 413 1470 454 efficere.
1517 411 1614 453 Non
1636 413 1739 452 ante
1762 410 1926 464 Polyb„

245 500 378 542 quem
410 490 653 541 sequuntur
686 487 824 538 Diod„
859 487 986 538 plut„
1020 487 1121 528 Luc.

247 559 249 561 ’
390 559 458 603 111.
491 561 772 617 εὑρίσκομαι
806 559 852 609 (l,
874 560 923 601 2:
966 558 1153 612 εἰληφὼς
1185 558 1486 611 εὑρεθήσομαι,
1530 554 1774 599 XXX11,02:
1818 555 1926 606 εὑρί-

246 633 376 674 σκοιτ’
413 632 465 673 ἄν
497 630 636 686 οὖσα]
701 631 992 674 Coniunctum
1019 643 1118 673 cum
1145 628 1375 683 participio
1401 627 1519 681 apud
1554 629 1706 680 poetas
1739 625 1928 677 tragicos

247 704 364 746 solos
396 706 440 746 et
472 716 581 746 rece.
618 702 876 758 (Herodian.
912 702 1020 745 Nov.
1055 702 1119 752 T.,
1154 700 1245 756 al.].

390 777 522 832 σύρω
564 775 655 828 (lX,
694 775 730 830 1)
774 775 968 823 trahere;
1016 774 1204 828 primum
1250 786 1319 826 ap.
1365 771 1583 814 Theocrit.
1632 770 1840 825 (saepius)
1888 772 1930 811 et

245 847 480 902 aliquoties
513 847 553 890 in
588 847 721 890 Anth.
750 848 838 890 Pal.
874 850 916 889 et
949 846 1235 889 recentiorum
1271 844 1404 886 libris.
1469 844 1531 885 De
1566 845 1684 885 veste
1719 855 1805 884 non
1848 841 1927 883 nisi

247 932 318 973 ap.
351 918 534 962 Theocr.
570 919 628 973 (2,
655 919 742 974 73),
778 919 901 962 Dion.
936 919 982 961 C.
1018 918 1106 972 (46,
1146 917 1229 970 18),
1264 917 1344 958 hoc
1378 916 1486 958 loco.

388 989 566 1046 ἥδομαι
598 990 746 1046 (XVII,
774 992 833 1043 3).
898 989 989 1046 [τῆς
1021 987 1242 1044 ἀφίξεως]
1295 988 1542 1031 Genitivum
1586 987 1721 1029 semel
1755 985 1926 1039 scripsit

256 1061 393 1116 Soph.
426 1061 553 1116 (Phil.
588 1062 693 1116 715)
714 1063 757 1117 ¹).

389 1134 597 1190 ἐκρίπτω
631 1133 780 1188 (XVII,
814 1134 873 1186 4),
907 1134 1113 1186 proicere.
1177 1132 1312 1185 Sopli.
1347 1130 1425 1182 (El.
1460 1131 1560 1180 512,
1601 1130 1651 1172 Ο.
1688 1129 1737 1171 Τ.
1787 1128 1930 1182 1412),

249 1204 450 1259 Aeschyl.
485 1204 648 1259 (Prom.
683 1204 808 1259 932);
843 1217 952 1246 rece.
990 1204 1088 1245 inde
1121 1217 1147 1245 a
1179 1203 1346 1257 Polybii
1379 1204 1539 1245 aetate.

392 1278 544 1333 ἰσχύω
577 1278 815 1329 ἐπικουρεῖν
849 1276 978 1329 (XXI,
1002 1275 1060 1329 3).
1102 1276 1183 1328 Ap.
1220 1277 1321 1318 vett.
1352 1274 1521 1329 (Soph.,
1548 1273 1672 1321 Xen.,
1700 1272 1774 1326 al.)
1803 1284 1929 1314 usur-

249 1350 399 1402 patum
444 1350 510 1390 est
552 1347 844 1399 intransitive,
891 1361 978 1389 uno
1025 1347 1119 1389 loco
1162 1345 1687 1400 Batrachomyomachiae
1736 1345 1930 1398 excepto.

250 1420 377 1464 Recc.
419 1419 520 1461 huic
554 1420 687 1461 verbo
729 1419 988 1461 infinitivum
1032 1418 1309 1461 addiderunt.
1374 1416 1523 1473 [Plut.,
1565 1416 1683 1469 Diog.
1708 1417 1766 1467 L„
1812 1416 1929 1458 Sext.
2003 1454 2012 1465 ,

249 1491 313 1543 E„
349 1491 540 1543 Aristid,
577 1491 699 1534 Dion.
733 1491 903 1551 Chrys.;
939 1505 1070 1544 saepe
1097 1491 1137 1532 in
1173 1490 1291 1531 libris
1324 1489 1435 1531 Novi
1468 1489 1517 1530 T.
1534 1487 1603 1544 ²)s1.

392 1562 632 1606 διαπίπτω
663 1566 777 1620 περί
804 1578 930 1613 τινος
963 1563 1112 1617 (XXII,
1142 1563 1201 1615 2).
1244 1563 1318 1604 Ar.
1349 1563 1434 1615 (eq.
1457 1560 1560 1616 692)
1590 1563 1632 1603 et
1652 1574 1746 1602 rece
1796 1559 1928 1615 [plut.

252 1648 295 1689 p.
334 1635 488 1684 181B;
525 1635 645 1688 Diog.
667 1635 712 1677 L.
748 1635 806 1690 (5,
835 1636 878 1689 6)
915 1636 1026 1686 ΛΝ,
1061 1634 1195 1688 Epic-t.
1230 1634 1269 1684 2,
1306 1634 1374 1683 22,
1409 1631 1501 1688 26].

391 1708 540 1762 μισέω
574 1713 785 1749 συνεῖναι
819 1706 987 1760 (XXIV,
1030 1707 1080 1760 1).
1140 1705 1429 1747 coniunctum
1464 1717 1563 1746 cum
1591 1703 1804 1744 infinitivo
1828 1702 1930 1755 legi·

251 1792 348 1821 mus
379 1792 451 1832 ap.
487 1778 584 1821 Eur.
620 1778 769 1829 (Rhes.
805 1779 924 1833 333),
961 1779 1031 1819 Ar.
1056 1780 1140 1831 (av.
1171 1778 1264 1831 3o);
1299 1789 1398 1818 cum
1428 1789 1514 1818 acc.
1550 1789 1585 1818 c.
1611 1775 1682 1817 ins.
1706 1788 1776 1828 ap.
1801 1775 1930 1819 Hom.

249 1851 315 1906 (ll.
355 1852 420 1903 17,
453 1850 574 1907 272).

392 1921 761 1977 ἐκπυνθάνομαι
792 1922 1001 1974 (XXVlll,
1044 1922 1095 1974 1).
1144 1921 1238 1963 Non
1275 1921 1353 1962 nisi
1388 1933 1456 1973 ap.
1482 1923 1634 1973 poetas
1668 1918 1804 1974 [Eur.‚
1835 1917 1929 1974 Ar.)

250 1998 293 2037 et
325 2007 434 2037 rece.
469 1993 619 2050 [Plut.,
652 1993 790 2049 Luc.].

394 2068 591 2122 ἱστορέω
624 2066 834 2120 (XXVIll,
876 2067 927 2120 1),
975 2079 1165 2107 narrare.
1230 2064 1375 2106 Poetis
1417 2064 1610 2117 exceptis
1644 2077 1729 2105 non
1764 2063 1930 2105 inveni-

251 2152 349 2181 mus
392 2151 462 2193 ap.
505 2151 594 2189 eos,
634 2138 707 2191 qui
750 2138 990 2189 elegantem
1035 2137 1226 2189 linguam
1268 2135 1457 2178 Atticam
1499 2136 1724 2189 praebent.
1789 2135 1931 2188 Saepe

250 2213 316 2252 est
347 2223 418 2264 ap.
461 2209 738 2263 posteriores,
781 2209 993 2262 imprimis
1035 2222 1091 2262 ap
1142 2208 1269 2259 Plut.,
1312 2221 1442 2261 quem
1476 2209 1720 2260 sequuntur
1754 2207 1853 2248 Luc.
1888 2208 1931 2248 et

251 2281 488 2324 Herodian.

393 2343 542 2409 κρίνω
577 2353 746 2407 (XXIX,
782 2352 839 2406 2),
874 2354 1154 2406 interrogare.
1202 2352 1283 2406 Ap.
1324 2352 1458 2405 Sopli.
1499 2351 1640 2393 solum
1675 2350 1794 2406 (Ant.
1830 2352 1931 2403 2399,

253 2425 314 2468 El.
351 2425 479 2475 1445,
513 2424 578 2466 Αἰ.
614 2424 734 2478 586).

393 2498 534 2552 χάριν
553 2494 738 2538 διδόναι
760 2495 910 2550 (XXX,
933 2495 993 2549 5).
1034 2495 1161 2538 Hom.
1185 2495 1319 2548 Soph.
1342 2496 1384 2536 et
1404 2507 1514 2536 rece.
1539 2493 1687 2549 [Plut.,
1717 2493 1826 2535 Nov.
1842 2492 1929 2549 Γ.].

394 2568 465 2611 IV.
497 2567 859 2623 κακοδαιμονέω
887 2568 977 2622 (IX,
1012 2569 1046 2618 l,
1081 2569 1114 2619 l,
1145 2568 1202 2622 3).
1243 2567 1385 2610 Semel
1407 2581 1477 2621 ap.
1509 2567 1617 2609 Xen.
1653 2565 1786 2620 (Hier.
1805 2567 1844 2617 12,
1872 2566 1930 2618 4).

251 2640 419 2684 Passim
453 2653 523 2694 ap.
556 2653 666 2683 rece.
700 2640 800 2682 inde
833 2653 859 2683 a
893 2640 1085 2682 Philonis
1118 2640 1327 2694 381ἃ1θ3).

223 2772 232 2781 ·
393 2717 598 2773 λούομαι
629 2717 719 2771 (IX,
753 2717 796 2771 2)
831 2717 982 2760 lavari.
1034 2706 1140 2773 [ἆπὸ
1173 2721 1244 2762 τᾶς
1270 2716 1593 2769 Ἐννεακρούνω
1626 2716 1756 2756 lodov
1795 2732 1835 2756 τε
1860 2715 1932 2757 καὶ

250 2789 379 2848 πῖνε].
440 2789 520 2833 Cui
541 2789 674 2832 verbo
704 2789 1072 2843 praepositionem
1104 2788 1368 2832 addiderunt
1394 2787 1554 2830 Herod.
1577 2787 1750 2843 (semelz
1774 2788 1813 2837 3,
1842 2786 1929 2841 23),

399 2949 422 2991 “)
448 2951 493 2983 cf.
525 2950 767 2991 Thesaurum,
802 2950 863 2991 lv,
898 2958 934 2989 p.
965 2950 1049 2981 108:
1089 2958 1198 2990 „cum
1232 2957 1314 2989 gen.
1347 2948 1587 2980 coniunctum
1625 2948 1693 2979 hoc
1729 2956 1845 2979 unum
1879 2948 1932 2979 est

250 3010 500 3052 exemplum.“

395 3066 423 3111 ²)
450 3070 613 3112 Schmid,
641 3070 691 3112 ΙΙ,
718 3080 752 3111 p.
775 3069 854 3104 219.
1003 3068 1030 3109 ²³)
1056 3069 1100 3101 cf.
1130 3069 1287 3110 Lobeck,
1314 3069 1466 3109 Pliryn.,
1493 3077 1527 3108 p.
1551 3069 1605 3099 81.
