2254 3496
1238 238 1286 274 02

430 344 559 398 (XXI,
581 343 639 398 2),
674 342 718 384 εἶ’
751 348 900 385 ποιεῖτε
932 344 1094 397 ἔχοντες
1126 346 1169 388 ἒν
1201 347 1339 391 αὑτοῖς
1372 346 1478 400 (XV,
1500 345 1558 400 2).
1605 347 1729 398 Quae
1760 347 1964 401 loquendi
1989 361 2090 390 con-

427 414 612 456 suetudo
645 428 670 456 a
704 417 847 456 vetere
880 427 959 455 usu
992 415 1181 457 maxime
1212 415 1429 459 abhorret.
1492 416 1578 459 Sed
1611 417 1701 460 eius
1734 418 1946 470 dictionis,
1979 431 2092 472 quae

427 499 526 527 cum
549 488 661 527 esset
687 485 863 538 propria
883 486 1069 527 sermoni
1093 486 1324 539 cotidiano,
1351 500 1618 541 quamquam
1640 502 1726 531 non
1755 493 1819 531 est
1845 489 2090 542 negandum

430 556 560 599 etiam
594 556 711 609 apud
743 558 895 608 poetas
928 556 1114 608 tragicos
1148 559 1190 599 et
1222 557 1449 610 aliquoties
1482 558 1598 612 apud
1626 559 1766 613 ipsum
1807 558 2090 614 Isocratem1)

429 638 525 668 eam
559 626 754 677 inveniri,
787 626 994 679 paulatim
1036 627 1078 667 in
1120 627 1251 668 libros
1292 628 1578 670 recentiorum
1612 632 1838 671 auctorum
1870 628 2092 683 irrepsisse

430 697 615 748 videtur,
643 697 859 750 permulta
881 697 1079 750 exempla
1099 697 1311 740 habemus
1333 699 1450 752 apud
1471 700 1731 752 posteriores
1751 700 1868 743 velut
1887 698 2091 755 Polyb.2)‚

428 768 549 811 Dion.
577 768 692 819 Chr„
724 768 824 810 Luc.
837 769 881 819 3),
916 768 1031 810 Flav.
1055 769 1205 824 Jos.⁴),
1238 769 1280 810 in
1312 770 1486 824 papyris
1519 770 1629 812 illius
1661 772 1817 815 aetatis
1834 771 1864 826 5)
1883 771 1931 826 6).

572 839 782 880 Ressexivi
820 839 1006 881 sormam
1046 844 1155 893 σφᾶς
1191 840 1395 894 scriptam
1434 841 1629 884 videmus
1667 842 1709 883 in
1750 845 1871 885 sexta
1904 842 2089 896 epistula

429 909 516 964 (VI,
547 910 633 964 11),
660 910 733 951 ubi
755 910 1066 952 consuetudine
1086 913 1280 953 veterum
1303 911 1440 955 forma
1462 913 1731 965 pronominis
1763 913 2091 957 demonstrativi

428 981 580 1026 αὐτοὺς
618 981 865 1034 requiritur.
928 982 1127 1033 Legimus
1165 982 1298 1025 enim:
1355 983 1527 1036 Torydg)
1566 985 1610 1025 ἓν
1653 989 1700 1038 τῇ
1738 989 1856 1038 ψυχῇ
1896 985 2123 1038 συγγενὲς”

430 1053 654 1105 ἀναγκάζει
687 1057 798 1106 σφᾶς
828 1054 1004 1106 βοηθεῖν
1037 1059 1095 1106 τῷ
1127 1058 1198 1094 τοῦ
1231 1055 1560 1107 τετελευτηκότος
1592 1056 1679 1097 υἱεῖ.
1741 1055 1834 1098 Hoc
1858 1055 2000 1109 ipsum
2027 1055 2094 1097 esi.

428 1123 649 1176 proprium
702 1123 870 1165 dicendi
921 1124 1017 1164 usui
1061 1124 1348 1165 recentiorum
1395 1137 1536 1178 neque
1582 1138 1681 1167 raro
1726 1139 1752 1167 a
1794 1124 2012 1168 Strabone
2049 1126 2093 1168 et

430 1195 688 1237 Onosandro
727 1196 975 1248 usurpatur,
1008 1194 1082 1248 qui
1120 1195 1313 1237 scribunt
1351 1200 1472 1249 σφᾶς,
1505 1201 1639 1250 σφῶν,
1672 1198 1785 1250 σφίσι
1818 1209 1898 1250 pro
1929 1196 2092 1244 αὐτοὺς,

428 1267 578 1312 αὐτῶν,
600 1266 737 1310 αὐτοῖς
756 1266 801 1319 7).
845 1266 988 1319 Atque
1009 1266 1138 1318 etia-m
1159 1266 1320 1309 formas
1339 1267 1410 1320 μὶν
1424 1269 1466 1308 et
1491 1267 1588 1319 σφὶν
1611 1267 1805 1309 nonnulli
1825 1265 2091 1321 adhibentss).

572 1336 663 1378 Hoc
684 1336 778 1378 loco
801 1337 1008 1379 nonnulla
1034 1337 1087 1378 de
1108 1337 1320 1379 adiectivo
1348 1339 1450 1383 ἴδιος
1475 1338 1677 1381 addenda
1703 1351 1798 1380 esse
1823 1340 1943 1392 puto,
1973 1337 2100 1393 quod¹

429 1407 660 1461 quinquies
679 1409 934 1461 usurpatum
957 1410 1022 1449 est
1041 1421 1119 1461 pro
1139 1408 1398 1461 pronomine
1418 1408 1634 1450 reflexivo.
1670 1409 1700 1460 Ι,
1722 1409 1771 1451 3:
1811 1408 1922 1454 εἰκὸς
1941 1409 2090 1462 φίλους

427 1479 559 1521 πολλοὶ
601 1482 684 1519 τῶν
722 1480 840 1521 ἰδίων
880 1481 1154 1533 προήσεσθαι,
1210 1480 1278 1531 VI,
1304 1481 1375 1521 10:
1419 1472 1458 1521 οἶ
1494 1482 1684 1534 σοφισταὶ
1722 1482 1957 1522 δεδοίκασιν
1993 1480 2089 1533 περὶ

431 1554 514 1591 τῶν
546 1551 675 1596 ἰδίων,
718 1548 840 1591 VHb:
881 1551 1053 1603 ἄμεινον
1096 1553 1235 1603 μέντοι
1273 1555 1355 1596 τοῖς
1391 1552 1617 1604 ἀλλοτρίοις
1661 1553 1954 1606 ἁμαρτήμασιν
1990 1552 2091 1592 ἄπο-

428 1622 572 1661 θανεῖν
616 1622 637 1674 ι’)
672 1625 753 1665 τοῖς
791 1621 908 1665 ἰδίοις
945 1623 1150 1674 σωθῆναι,
1190 1621 1298 1672 XIV,
1325 1622 1371 1663 Ξῖ
1411 1622 1534 1662 οὐδὲν
1573 1622 1678 1662 ἴδιον
1721 1622 1814 1676 εἶχε,
1865 1622 2002 1664 XXV:
2043 1625 2104 1676 τῇ.

433 1692 514 1744 ἰδίᾳ
547 1692 679 1744 φύσει.
726 1690 819 1732 Hoc
851 1704 986 1743 genus
1018 1691 1199 1743 dicendi,
1233 1692 1350 1745 quod
1382 1705 1468 1733 non
1496 1692 1707 1735 habemus
1727 1692 1769 1734 in
1789 1692 1941 1735 litteris
1961 1692 2093 1735 Grae·

434 1762 492 1804 cis
524 1761 604 1803 nisi
637 1775 707 1815 ap.
736 1775 859 1813 rece„
893 1762 1163 1816 vituperatur
1193 1776 1220 1804 a
1246 1763 1489 1817 Phrynicho
1523 1763 1580 1818 (p.
1608 1764 1712 1818 441)
1752 1763 1817 1805 his
1848 1763 2010 1806 verbis:
2043 1763 2090 1804 τὰ

435 1834 515 1875 ἴδια
554 1835 722 1886 πράττω
763 1834 831 1874 καὶ
869 1834 915 1874 τὰ
955 1835 1036 1874 ἴδια
1068 1835 1256 1887 πράττεις
1294 1836 1334 1875 οἷ
1371 1835 1516 1876 πολλοὶ
1553 1835 1741 1887 λέγουσιν
1779 1836 1885 1889 εἰκῇ,
1924 1835 2020 1876 δέον
2046 1833 2093 1876 τὰ

432 1906 616 1958 ἐμαυτοῦ
651 1906 819 1957 πράττω
842 1906 909 1945 καὶ
944 1905 989 1945 τὰ
1017 1909 1192 1946 σεαυτοῦ
1218 1908 1405 1958 πράττεις
1438 1906 1578 1958 λέγειν,
1611 1907 1671 1951 ὡς
1703 1907 1743 1946 οἷ
1771 1906 1950 1947 παλαιοί.
2011 1905 2096 1958 Qui

431 1989 535 2018 usus
578 1975 706 2018 ctiam
754 1976 796 2016 in
843 1976 1192 2029 inscriptionibus
1237 1976 1391 2018 Atticis
1434 1976 1534 2018 inde
1577 1976 1633 2019 ab
1674 1989 1790 2019 anno
1834 1991 1874 2019 a.
1917 1976 2016 2019 Chr.
2049 1989 2092 2019 n.

440 2047 759 2102 septuagesimo
781 2046 995 2088 invenitur
1010 2047 1057 2101 9),
1091 2047 1340 2100 saepissime
1366 2050 1512 2089 autem
1546 2047 1728 2089 occurrit
1750 2060 1820 2100 ap.
1847 2060 1956 2089 recc.
1978 2046 2096 2089 velut

436 2119 522 2160 Jos.
543 2118 609 2172 ¹⁰),
642 2118 753 2160 Plut.
776 2118 840 2172 11),
874 2118 915 2158 in
948 2117 1059 2159 Novi
1090 2118 1138 2161 T.
1173 2118 1290 2159 libris
1308 2118 1373 2172 12),
1408 2118 1449 2159 in
1482 2118 1657 2172 papyris
1675 2117 1741 2172 l³).

981 2213 1016 2250 3.
1047 2211 1102 2250 De
1132 2212 1308 2261 genitivo
1338 2212 1539 2250 absoluto.

575 2282 818 2324 Genitivum
854 2282 1099 2324 absolutum
1136 2283 1472 2336 epistolographi
1510 2282 1645 2324 nostri
1677 2282 1981 2333 adhibuerunt,
2022 2282 2094 2334 ubi

432 2352 669 2395 secundum
693 2366 869 2394 normas
890 2353 1195 2404 grami‘naticas
1215 2353 1488 2406 participium
1510 2353 1784 2394 coniunctum
1806 2352 2094 2409 postulamus,

433 2423 549 2476 quod
573 2423 657 2465 iam
680 2423 722 2464 in
743 2423 899 2481 eodem
925 2424 1147 2465 enuntiato
1175 2423 1413 2465 subiectum
1440 2422 1614 2466 ablativi
1636 2423 1823 2464 absoluti
1842 2422 1926 2465 alia
1955 2423 2095 2465 forma

434 2496 589 2537 exstat.
652 2493 874 2545 Legimus:
918 2495 986 2534 καὶ
1020 2495 1124 2547 ἐμοῦ
1167 2495 1511 2546 ἀπολογουμένου
1545 2494 1618 2545 ἐμὲ
1659 2494 1850 2534 ἐκέλευον
1888 2493 1995 2548 (VII,
2036 2493 2094 2547 1).

577 2586 600 2627 ¹)
628 2588 738 2619 Isocr.
766 2588 797 2627 2,
819 2588 881 2618 38:
918 2587 940 2619 ἁ
977 2591 1046 2622 τοῖς
1080 2586 1186 2619 αὑτοῦ
1223 2585 1336 2618 παισίν
1371 2586 1412 2618 ἄν
1447 2584 1750 2628 συμβουλεύσειαςζ
1804 2587 1857 2627 11,
1878 2588 1941 2618 47:
1978 2584 2094 2619 δίελθε

431 2645 518 2688 πρὸς
543 2646 658 2679 αὑτόν.
710 2647 764 2687 19,
792 2647 853 2678 23:
889 2645 983 2687 ὁρῶν
1016 2644 1077 2688 τὴν
1109 2644 1240 2687 μητέρα
1274 2643 1335 2688 τὴν
1366 2645 1489 2677 ἑαυτοῦ
1522 2647 1605 2685 (pro
1631 2643 1807 2686 ἐμαυτοῦ).
1858 2646 1998 2686 5,129:
2025 2642 2094 2688 ἐγὼ

430 2704 632 2748 ,ὄπι-χείρονι·
658 2704 876 2747 διαλέγεσθαι
902 2704 988 2746 πρὸς
1015 2703 1076 2747 τὴν
1101 2704 1249 2746 πατρίδα
1277 2703 1338 2747 τὴν
1363 2704 1469 2737 αὑτοῦ
1497 2704 1561 2744 (sie
1588 2704 1625 2735 in
1654 2703 1690 2743 Γ,
1717 2713 1786 2735 om.
1815 2703 1859 2738 Λ.
1880 2704 1924 2738 Α.
1944 2703 2006 2745 Π).

575 2763 602 2805 ”-’)
630 2765 741 2805 Stich,
770 2765 821 2796 De
846 2765 993 2804 Polybii
1022 2764 1168 2795 dicendi
1196 2773 1338 2805 genere,
1366 2773 1400 2803 p.
1421 2766 1476 2796 24.

576 2822 602 2862 2)
631 2823 793 2864 Sehmid,
819 2824 848 2864 Ι,
875 2832 910 2862 p.
930 2824 985 2863 82,
1007 2824 1084 2855 228.
1183 2820 1211 2862 4)
1238 2822 1415 2863 Schmidt,
1441 2831 1475 2862 p.
1498 2823 1575 2854 368.
1663 2821 1701 2862 ’·”’)
1728 2823 1883 2863 Mayser,
1910 2831 1944 2862 p.
1967 2823 2045 2855 303.

575 2881 602 2923 6)
629 2882 770 2923 Dyroff,
797 2882 923 2914 Gesch.
952 2883 1014 2914 des
1041 2882 1149 2913 Pron.
1176 2882 1268 2923 resi„
1295 2891 1330 2922 p.
1354 2884 1429 2913 7ss.

578 2939 603 2981 ἵ)
630 2942 815 2982 Croenert,
841 2950 877 2981 p.
901 2943 978 2982 197,
1007 2941 1091 2973 adn.
1113 2942 1144 2972 2.
1289 2938 1316 2980 8)
1344 2940 1627 2981 Radermacher,
1655 2940 1720 2972 Rh.
1743 2941 1788 2972 M.
1811 2942 1866 2981 54,
1893 2949 1926 2980 p.
1950 2941 2012 2972 371

577 2999 603 3040 ”)
631 3001 871 3032 Meisterhans
887 2998 911 3041 ³,
937 3010 972 3040 p.
996 3001 1062 3031 235
1091 3001 1126 3039 (ξ
1153 3001 1208 3041 87,
1231 3001 1277 3039 3).

565 3057 605 3098 ¹⁰)
633 3059 809 3100 Schmidt,
836 3069 870 3099 p.
894 3060 972 3091 369.
1120 3057 1159 3095 ι“)
1187 3059 1430 3098 Wyttenbach
1457 3059 1524 3090 sub
1553 3067 1642 3090 voce
1668 3057 1765 3093 ἴδιος.

565 3117 605 3159 1’3)
634 3119 746 3159 Blass,
774 3128 806 3158 p.
831 3120 908 3149 147.
1122 3116 1160 3157 ¹³³)
1189 3118 1344 3158 Mayser,
1371 3127 1405 3156 p.
1429 3119 1506 3149 308.
