2254 3496
1195 210 1246 249 32

390 318 505 359 iussu
546 318 730 372 Philippi
772 332 869 360 cum
912 318 1248 361 Atheniensibus
1287 321 1340 362 de
1371 333 1479 373 pace
1522 321 1661 373 egit1).
1731 322 1824 364 Rex
1858 335 1973 373 vero,
2006 324 2054 365 ut

391 393 479 432 tam
512 402 686 442 gravem
720 403 885 442 pacem,
921 403 1006 442 qua
1040 391 1198 432 bellum
1226 391 1424 433 undecim
1453 405 1591 434 annos
1624 393 1735 435 inter
1767 394 2053 436 Athenienses

390 464 431 501 et
464 460 708 512 Philippum
744 463 910 511 gestum
946 461 1235 514 compositum
1269 465 1346 512 est,
1381 462 1551 513 faceret,
1595 463 1809 517 principes
1840 464 1958 517 regni
1991 465 2050 508 sa-

391 531 668 584 miliaresque
701 531 890 572 miserat.
943 531 994 572 Et
1027 532 1060 572 si
1081 532 1255 582 Suidae,
1296 533 1367 586 qui
1402 536 1549 574 narrat
1589 534 1866 588 Antipatrum
1895 535 2052 577 librum

389 602 441 643 de
476 602 709 643 Perdiccae
742 602 781 642 in
818 602 958 655 Illyria
992 603 1120 644 rebus
1159 603 1289 655 gestis
1321 604 1555 656 scripsisse,
1591 604 1696 646 fides
1729 608 1808 655 est,
1850 606 1936 648 iam
1970 606 2051 648 sub

390 673 458 714 illo
493 673 655 714 maiore
695 673 878 726 Philippi
921 674 1051 716 fratre
1089 688 1305 716 summum
1355 675 1494 718 locum
1535 676 1783 729 obtinuit‘2).
1848 677 2054 720 Attamen

389 746 541 787 auctor
580 745 761 787 fortasse
801 746 912 786 hunc
956 746 1259 799 imperatorem
1292 747 1533 798 significare
1572 747 1757 798 volebat,
1799 748 2052 802 praesertim

389 828 488 856 curn
523 815 680 856 Suidas
712 816 826 858 dicat
847 816 900 858 de
928 830 998 858 eo:
1032 818 1246 858 κατέλιπεν
1266 818 1492 858 ἐπιστολῶν
1512 819 1766 871 σύγγραμμα
1796 820 1839 860 ἓν
1870 819 2056 872 βυβλίοις

391 887 482 927 δυσὶ.
513 887 583 927 καὶ
616 888 796 940 ἱστορίαν
829 889 899 933 τὰς
930 888 1175 940 ῙΙερόίκκου
1218 890 1390 942 πράξεις
1422 889 1660 942 Ἰλλυρικάς
1691 892 1733 931 et
1775 892 1926 933 auctor
1963 889 2055 944 ipse

390 957 671 1011 Antipatrum
706 971 847 1000 rerum
883 958 1136 1012 scriptorem
1161 960 1362 1016 appellet.
1405 960 1564 1002 Deinde
1586 974 1672 1003 non
1700 962 1805 1015 puto
1832 961 2053 1004 hominem

390 1028 698 1071 Atheniensem
740 1029 797 1071 ita
838 1030 996 1072 blande
1035 1023 1221 1072 scribere
1261 1031 1452 1084 potuisse
1490 1031 1543 1072 ad
1579 1031 1839 1085 Philippum,
1884 1031 1957 1086 qui
1990 1034 2055 1074 tot

392 1102 434 1140 et
468 1099 599 1142 tantis
626 1100 790 1142 iniuriis
816 1101 965 1141 urbem
1000 1101 1185 1154 patriam
1219 1101 1331 1143 bello
1365 1101 1563 1144 undecim
1596 1115 1808 1144 annorum
1836 1102 2053 1153 affecerat,

390 1173 437 1212 ut
468 1171 701 1212 Isocratem
737 1171 891 1224 ipsum,
926 1172 1012 1225 qui,
1047 1185 1143 1213 cum
1178 1172 1376 1226 Philippo
1404 1172 1695 1235 deditissimus
1727 1176 1854 1225 esset,
1879 1173 2055 1216 alterius

391 1242 604 1291 factionis,
628 1256 741 1296 quae
768 1256 897 1296 quam
927 1244 1148 1286 celerrime
1167 1256 1319 1297 pacem
1348 1244 1487 1286 facere
1514 1244 1701 1296 volebat,
1721 1245 1922 1298 princeps
1946 1247 2054 1296 erat,

392 1312 675 1366 vituperaret,
709 1313 823 1366 quod
852 1313 1097 1367 Philippum
1132 1318 1173 1357 et
1200 1315 1291 1356 eius
1316 1314 1620 1364 maioresnon
1644 1315 1752 1363 satis
1779 1315 2054 1368 laudavisset,

391 1397 659 1437 quamquam
704 1398 729 1426 a
775 1384 919 1425 multis
964 1384 1147 1438 Philippi
1193 1385 1382 1427 amicitia
1414 1386 1592 1429 Isocrati
1645 1385 1809 1427 crimini
1853 1387 2055 1430 dabatur.

393 1455 531 1496 Etiam
567 1456 933 1508 propinquitatem
969 1456 1080 1498 inter
1100 1456 1344 1510 Philippum
1369 1460 1411 1498 et
1432 1457 1717 1499 Athenienses
1737 1460 1890 1500 auctor
1910 1460 2054 1501 osten-

394 1527 494 1568 dere
527 1527 672 1569 studet
704 1527 833 1580 idque
866 1527 946 1569 hoc
980 1528 1127 1569 modo!
1192 1528 1251 1570 Ex
1285 1528 1387 1582 ipsis
1414 1529 1541 1570 rebus
1574 1528 1792 1580 fabulosis,
1825 1541 1938 1583 quae
1957 1529 2054 1584 plus

363 1597 614 1643 ,dimidiam
649 1601 815 1651 partem
852 1599 1044 1651 implent,
1077 1599 1160 1640 iam
1195 1599 1378 1652 intellegi
1414 1602 1556 1652 potest
1589 1614 1614 1642 a
1647 1599 1818 1641 rhetore
1862 1600 2051 1653 quodam

393 1656 678 1723 conscriptam
715 1683 820 1712 esse.
885 1670 1127 1721 Herculem,
1167 1684 1265 1712 cum
1308 1671 1504 1712 Eleusine
1542 1670 1697 1713 initiari
1737 1671 1918 1714 voluerit
1960 1684 2052 1726 my-

392 1741 532 1783 steriis
568 1755 593 1784 a
640 1741 758 1795 Pylio
795 1741 1050 1794 adoptatum
1094 1755 1188 1783 esse
1230 1744 1408 1784 narrant
1450 1755 1546 1784 cum
1595 1742 1851 1799 Plutarchus
1868 1742 1915 1797 3),
1956 1745 2048 1784 tum

393 1815 559 1863 auctor,
593 1814 665 1866 qui
687 1813 793 1854 falso
821 1813 1110 1865 Apollodorus
1138 1813 1398 1863 nominatur,
1426 1813 1546 1855 cuius
1569 1813 1698 1855 verba
1727 1813 1925 1864 maxime,
1953 1826 2049 1855 cum

393 1883 522 1925 trium
566 1885 799 1926 formarum
842 1887 1038 1937 tempora
1081 1887 1412 1935 commutamus,
1456 1885 1610 1925 mirum
1651 1886 1693 1926 in
1735 1884 1910 1926 modum
1957 1897 2052 1927 cum

393 1956 533 1996 verbis
567 1955 775 2009 epistulae
808 1959 1063 2007 congruunt,
1092 1958 1140 1997 ut
1165 1957 1356 2009 suspicer
1381 1956 1633 2008 scriptorem
1656 1955 1766 1998 iffius
1792 1956 1885 1997 libri
1912 1955 2054 1998 locum

392 2027 458 2068 vel
493 2027 582 2068 eius
616 2028 777 2069 sontem
812 2027 1100 2080 exscripsisse.
1136 2027 1254 2070 Haec
1286 2030 1384 2068 sunt
1415 2027 1544 2068 verba
1577 2027 1804 2080 epistulae:
1841 2026 2055 2082 Ἡρακλῆς

396 2098 475 2150 γάρ
509 2098 629 2143 ὄντος
661 2099 795 2151 νόμου
827 2098 870 2138 τὸ
901 2098 1078 2138 παλαιον
1111 2100 1208 2151 ἡμῖν
1246 2099 1407 2152 μηδένα
1448 2099 1566 2145 ξένον
1603 2099 1799 2161 ιιυεῖσθαι
1829 2098 2055 2151 βουληθεῖς

392 2176 590 2227 μιμεῖσθαι
644 2176 791 2233 γίνεται
845 2175 1015 2242 Πυκιον
1054 2175 1178 2233 θεῖος
1237 2176 1338 2226 υἱός,
1391 2188 1487 2217 cum
1544 2175 1705 2217 habeat
1744 2155 2053 2228 Apollodorus

393 2252 462 2305 (ΙΙ,
485 2253 523 2303 5.
551 2251 640 2305 12):
668 2251 801 2292 Ηλθε
839 2268 947 2304 προς
986 2241 1216 2305 Εἷιιιολπον
1254 2269 1310 2297 εις
1336 2252 1546 2293 Ἐλευσῖνα
1578 2252 1838 2304 βουλόμειος
1881 2251 2050 2304 μυηθῆ-

393 2345 470 2392 ναι,
504 2328 554 2382 ἦν
595 2329 639 2369 δὲ
679 2329 757 2369 οὐκ
791 2329 886 2375 ἐξὸν
919 2330 1051 2376 ξέιοις
1089 2329 1176 2369 τότε
1207 2331 1436 2382 11v171917vffi1c
1475 2329 1697 2381 ἕπειὸηπερ
1737 2327 1858 2372 θετὸς
1889 2326 2052 2367 Πυλίου

394 2411 493 2451 παῖς
527 2394 750 2458 ῃενόαενος
777 2407 952 2459 ἐμυεῖτο.
1017 2405 1068 2446 Et
1100 2419 1196 2447 cum
1235 2406 1428 2448 animum
1468 2404 1704 2447 adverteris
1739 2392 1801 2446 ad
1817 2391 2053 2446 diversam

397 2471 725 2524 collocationem
759 2482 1003 2532 verborum,
1037 2495 1123 2536 qua
1159 2483 1342 2536 scriptor
1372 2482 1426 2524 de
1457 2481 1654 2524 consulto
1687 2494 1791 2522 usus
1817 2494 1910 2523 esse
1937 2480 2054 2523 vide-

394 2555 465 2594 tur
496 2553 637 2608 (θετὸς
671 2553 832 2594 Πιλίου
864 2558 960 2598 παῖς
993 2555 1233 2606 ᾳενόμενςος
1257 2555 1403 2606 γίνεται
1437 2553 1596 2593 Πυλίου
1629 2552 1751 2598 θετὸς
1783 2551 1888 2606 υἱός)
1922 2554 1964 2594 et
1989 2551 2052 2593 in-

395 2624 610 2666 tellexeris
642 2624 770 2666 etiam
805 2624 943 2666 locum
975 2637 1122 2665 eorum
1145 2625 1389 2675 verborum,
1413 2637 1525 2677 quae
1546 2636 1719 2665 causam
1748 2636 1833 2665 non
1860 2621 2054 2665 initiandi

395 2695 655 2749 exprimunt,
683 2698 997 2737 commutatum
1026 2708 1133 2745 esse,
1162 2694 1282 2738 facile
1315 2695 1419 2736 mihi
1445 2694 1705 2737 assentieris.
1753 2693 1893 2744 Quid?
1926 2692 2053 2744 Quod

539 2810 562 2850 ¹)
591 2811 688 2842 Dem.
718 2811 817 2851 XIX,
839 2811 900 2842 69:
931 2809 997 2842 Kal
1023 2809 1042 2841 ὁ
1065 2808 1129 2851 μὲν
1151 2808 1364 2850 Ἀντίπατρος
1390 2807 1449 2840 καὶ
1475 2807 1495 2839 ὁ
1519 2807 1732 2850 Παρμενίων
1757 2806 1905 2850 δεσπότῃ
1931 2806 2051 2840 διακο-

394 2874 532 2906 νοῦντες
557 2868 617 2902 καὶ
643 2868 684 2902 οὐ
709 2868 887 2911 μέλλοντες
916 2867 994 2910 ὑμῖν
1018 2867 1103 2910 μετὰ
1130 2867 1225 2901 ταῦτ’
1247 2866 1478 2907 ἐντεύξεσθαι,
1502 2867 1600 2909 ὅμως
1626 2865 1717 2900 τοῦτ’
1747 2866 1900 2908 εὕροντο,
1924 2863 1974 2909 μὴ
2001 2863 2049 2898 δι’

396 2928 512 2961 αὐτῶν
537 2928 626 2970 ὑμᾶς
651 2927 922 2971 ἐξαπατηθῆναι.

540 2985 565 3026 ’-’)
593 2988 636 3019 cf.
664 2988 804 3027 Kaerst,
832 2986 963 3018 Philol.
992 2986 1049 3026 LI,
1076 2996 1114 3026 p.
1134 2987 1219 3025 6203
1248 2985 1426 3017 Paul.-W.
1455 2985 1484 3025 1,
1505 2986 1537 3025 2,
1564 2994 1597 3024 p.
1621 2985 1721 3016 2502.

540 3045 564 3086 ³)
592 3047 693 3078 Thes.
723 3046 904 3077 XXXIII:
933 3044 991 3078 καὶ
1019 3049 1117 3077 τοῦτο
1143 3043 1205 3077 οὖν
1231 3043 1383 3086 Υὑπῆρξεν
1403 3042 1518 3079 αὐτοῖς
1540 3042 1701 3086 Ἀφίδνου
1721 3040 1956 3084 ποιησαμένου
1973 3043 2051 3073 παῖ-

397 3105 459 3141 ὁας
485 3104 533 3142 ὡς
559 3104 691 3140 Πύλιος
712 3103 899 3146 “Ηρακλέα.
