2254 3496
1157 289 1207 326 22

493 396 651 446 Dignus
695 410 801 447 esse,
848 397 920 449 qui
966 397 1184 449 afferatur,
1231 399 1349 441 locus
1393 399 1570 452 quidam
1616 400 1742 442 huius
1799 401 2009 451 epistulae

351 466 454 506 milii
490 466 671 516 videtur,
707 467 780 519 qui
813 468 969 508 mirum
1004 468 1044 509 in
1080 469 1256 510 modum
1290 472 1499 523 congruat
1525 483 1619 512 cum
1645 471 1783 513 verbis
1810 471 2010 524 Diogenis

350 535 521 578 Laertii.
586 537 647 578 llJi
681 537 860 589 legimus
893 537 977 592 (ep.
1013 538 1164 589 XXIX,
1201 540 1266 593 2):
1307 541 1436 593 ῥᾷστα
1470 540 1549 593 γὰρ
1587 543 1638 581 ἂν
1677 543 1811 588 οὕτως
1848 543 2011 596 ἒξάγοις

351 608 394 648 τὸ
440 608 656 650 >controv
700 610 791 659 βίον
837 610 1146 664 ὑπεροπτικὴ
1194 611 1348 656 παντὸς
1392 611 1515 652 οὖσα
1561 616 1644 653 τοῦ
1689 614 1901 659 πλέονος
1943 613 2012 656 hic

351 679 560 732 (Diogn-L.
597 679 646 730 Il,
670 679 760 733 72);
808 680 854 720 τὰ
888 681 1031 732 ἄριστα
1067 682 1279 722 ὑπετίθετο
1313 687 1358 736 τῇ
1391 683 1567 735 ’θυγατρὶ
1605 684 1754 737 Ἀρήτῃ
1788 688 2012 726 συνασκῶν

351 750 480 803 αὐτὴν
515 751 856 803 ὑπεροπτικὴν
895 755 978 791 τοῦ
1010 752 1222 797 πλέονος
1253 752 1390 794 εἶναι.
1444 753 1530 795 Aut
1553 756 1704 795 auctor
1724 756 1870 796 noster
1896 754 2011 801 hunc

350 821 491 862 locum
529 821 725 872 Diogenis
769 821 991 874 exscripsit
1024 826 1099 863 aut
1138 825 1251 865 certe
1289 824 1419 865 ambo
1465 838 1513 866 ex
1556 825 1707 867 eudem
1750 826 1866 867 fonte
1903 826 2011 869 hau-

353 894 514 933 serunt.
581 892 745 932 Diserte
778 895 922 933 autem
958 892 1116 935 addam
1151 893 1257 935 haec
1290 895 1420 936 verba
1455 908 1479 936 a
1513 895 1701 947 Diogene
1727 909 1813 937 non
1835 896 1890 937 ad
1922 895 2012 950 epi-

351 962 508 1004 stulam
545 963 764 1015 quandam
801 964 944 1005 referri
979 965 1053 1005 sed
1087 965 1142 1006 ad
1170 966 1414 1008 universam
1437 967 1549 1008 filiae
1577 967 1892 1009 educationem.
1937 967 2011 1009 Ille

351 1033 461 1074 enim
497 1046 639 1075 rerum
675 1034 857 1087 scriptor
895 1035 1123 1087 epistulam
1157 1035 1210 1078 ad
1253 1037 1429 1078 Aretam
1475 1037 1606 1079 tiliam
1640 1038 1788 1079 datam
1823 1038 1948 1080 affert
1966 1037 2011 1092 ¹),

351 1117 463 1157 quae
497 1118 577 1154 res,
611 1105 800 1158 antiquis
834 1108 950 1156 nota,
985 1118 1116 1148 causa
1149 1106 1227 1147 has
1259 1106 1423 1148 litteras
1455 1108 1744 1149 substituendi
1777 1107 1867 1150 fuit.

496 1176 632 1216 Etiam
667 1176 796 1217 aliam
838 1189 928 1217 rem
972 1177 1296 1219 memorabilem
1336 1178 1468 1220 habet
1506 1179 1576 1220 illa
1609 1179 1805 1232 epistula.
1869 1178 2012 1221 Attica

353 1242 464 1282 enim
488 1242 672 1283 dialecto
693 1243 851 1295 scripta
872 1245 949 1293 est,
978 1255 1072 1283 cum
1102 1245 1266 1285 ceteras
1290 1243 1441 1285 Dorica
1468 1244 1732 1298 compositas
1747 1257 1841 1287 esse
1861 1244 2010 1287 videa-

355 1326 464 1354 mus.
529 1312 660 1354 Cuius
690 1313 870 1354 rationis
904 1326 1080 1355 causam
1109 1317 1367 1366 quaerentes
1394 1315 1575 1357 fortasse
1601 1316 1754 1360 afferre
1782 1327 2013 1368 possumus

352 1386 517 1426 veteres
575 1384 745 1425 tradere
793 1383 1059 1437 Aristippum
1113 1385 1318 1427 librorum
1362 1386 1468 1428 alios
1511 1387 1667 1438 Attica,
1709 1387 1816 1429 alios
1856 1386 2012 1432 Dorica

352 1454 536 1496 dialecto
570 1455 790 1507 scripsisse
808 1455 853 1509 ²),
893 1456 1009 1508 quod
1054 1458 1214 1497 lac-,tum
1258 1470 1352 1499 esse
1393 1460 1570 1511 propter
1609 1471 1817 1511 personas
1856 1457 2012 1500 diversi

352 1525 521 1577 generis
542 1525 721 1579 Bentley
748 1528 863 1567 recte
886 1526 1102 1568 iudicavit.
1149 1527 1205 1568 At
1236 1527 1347 1570 hanc
1374 1531 1487 1570 certe
1515 1529 1743 1582 epistulam
1771 1529 2012 1572 confectam

353 1610 446 1637 esse
494 1597 645 1638 Dorica
690 1597 875 1638 dialecto
919 1601 1167 1650 exspectare
1208 1598 1429 1650 debemus,
1472 1600 1588 1653 quod
1630 1601 1761 1642 Arete
1802 1614 1831 1643 a¹
1868 1599 2012 1653 puella

353 1668 545 1721 Cyrenae
582 1669 729 1710 Dorice
761 1668 905 1710 locuta
938 1671 1042 1710 erat.
1101 1669 1330 1712 Praeterea
1351 1671 1534 1724 scriptor
1564 1671 1758 1725 sequitur
1776 1673 2012 1722 auctorem,

353 1740 424 1792 qui
468 1740 569 1780 dicit
610 1740 914 1792 philosophum
950 1741 1066 1782 illum
1109 1741 1151 1782 in
1192 1741 1346 1794 Lipara
1388 1743 1526 1784 insula
1566 1745 1783 1784 mortuum
1825 1755 1932 1792 esse,
1970 1741 2013 1782 id

353 1810 469 1862 quod
503 1810 699 1852 concludi
732 1813 874 1863 potest
907 1825 956 1852 ex
991 1812 1131 1853 verbis
1165 1813 1387 1855 extremis:
1424 1814 1563 1868 ἐπειδὴ
1598 1814 1643 1855 δὲ
1675 1814 1845 1854 ἄναλύω
1879 1815 1919 1855 et
1961 1825 2013 1854 ex

354 1882 581 1922 universae
615 1882 824 1934 epistulae
857 1883 1091 1924 sententiis.
1132 1884 1189 1924 At
1222 1896 1318 1925 eum
1343 1884 1536 1937 Cyrenae
1562 1884 1753 1926 scholam
1774 1883 2012 1937 reliquisse,

354 1966 466 2006 quae
501 1953 636 1994 multo
669 1956 768 2005 post
800 1953 891 1995 eius
923 1956 1107 1996 mortem
1141 1955 1299 2006 floruit,
1333 1955 1444 1997 inter
1475 1968 1626 1997 omnes
1658 1958 1827 1998 constat
1841 1955 1887 2009 3).

496 2025 538 2064 In
594 2024 658 2065 his
701 2024 828 2076 igitur
873 2025 1079 2077 epistuliS,
1125 2029 1318 2069 extrema
1370 2030 1562 2081 excepta,
1608 2040 1717 2080 quas
1767 2026 2014 2080 Aristippus

354 2096 573 2148 scripsisse
607 2095 773 2145 dicitur,
797 2095 1026 2138 dialectum
1058 2097 1255 2139 Doricam
1290 2097 1529 2141 adhibitam
1564 2111 1657 2139 esse
1679 2098 1886 2148 videmus,
1908 2110 2013 2140 sane

354 2167 469 2219 quod
503 2166 682 2219 Cyrene,
716 2179 801 2219 qua
836 2167 875 2207 in
910 2167 1016 2209 urbe
1048 2167 1331 2221 philosophus
1364 2168 1432 2210 ille
1464 2171 1592 2210 natus
1625 2171 1730 2219 erat,
1767 2168 1914 2210 Dorice
1949 2168 2009 2210 lo·

354 2238 611 2290 quebantur.
678 2237 792 2279 Haec
826 2238 1264 2280 Lacedaemoniorum
1304 2239 1473 2280 colonia
1507 2239 1641 2281 multo
1681 2239 1841 2280 diutius
1879 2251 2010 2292 quam

355 2309 437 2359 alii,
471 2308 613 2358 Siculi,
657 2309 940 2360 Megarenses,
981 2309 1139 2351 Rhodii
1181 2313 1366 2351 veterem
1407 2310 1636 2353 dialectum
1676 2310 1948 2352 conservavit
1963 2309 2011 2364 4),

358 2380 399 2420 id
434 2380 551 2432 quod
585 2379 795 2432 imprimis
829 2394 879 2422 ex
910 2380 1097 2433 genitivo
1138 2381 1363 2433 singularis
1393 2381 1573 2432 numeri,
1620 2382 1692 2434 qui
1723 2381 1766 2422 in
1810 2397 1868 2422 -ω
1897 2380 2014 2424 cadit

355 2454 397 2492 et
430 2465 478 2492 ex
512 2451 758 2492 accusativo
780 2451 955 2503 pluralis
974 2451 1191 2493 secundae
1217 2451 1528 2503 declinationis,
1563 2452 1635 2505 qui
1667 2452 1708 2493 in
1755 2468 1838 2498 -ως
1866 2451 2013 2493 termi-

357 2526 496 2571 natur,
529 2522 667 2563 elucet
684 2521 729 2574 ⁵).
794 2521 1050 2564 Nostrarum
1096 2535 1269 2576 quoque
1314 2523 1595 2576 epistularum
1641 2525 1839 2564 auctores
1887 2535 2013 2575 prae-

356 2595 480 2645 cepta
522 2592 648 2633 huius
687 2592 860 2643 regulae
893 2593 1013 2646 sequi
1056 2594 1215 2645 volunt,
1254 2607 1354 2636 nam
1394 2593 1675 2647 scripserunt:
1717 2593 2012 2645 Ἐνεακρούνω

357 2663 522 2717 (ΙΧ,ΕΖ),
546 2662 753 2713 Προδίκου
782 2667 839 2703 τῶ
867 2662 994 2710 Κείω,
1023 2664 1258 2705 Ξανθίππω
1287 2664 1415 2717 (ΧΙΙΙ,
1444 2664 1498 2718 1),
1523 2665 1637 2704 αὐτῶ
1652 2663 1794 2717 (XVI).
1827 2662 2013 2705 Maxime

357 2733 555 2775 Doricam
596 2733 823 2775 dialectum
859 2734 915 2774 ab
955 2734 1096 2776 Ionica
1134 2736 1177 2776 et
1204 2734 1347 2776 Attica
1386 2733 1555 2776 differre
1593 2733 1805 2787 frequenti
1843 2733 1956 2786 longi
1988 2741 2014 2774 ᾱ

499 2865 523 2905 ¹)
551 2865 711 2906 Diog.—L.
740 2866 789 2906 11,
811 2867 873 2897 84:
896 2862 1078 2916 'Encqzoh'j
1105 2864 1191 2907 πρὸς
1212 2864 1356 2908 Ἀρήτην
1381 2864 1442 2908 τὴν
1468 2864 1641 2908 θυγατέρα
1662 2891 1669 2899 .
1689 2890 1697 2899 .
1719 2892 1727 2899 .

500 2924 523 2965 ²)
553 2926 667 2966 Idem,
694 2925 742 2966 ΙΙ,
765 2926 827 2956 83:
867 2923 902 2956 ἓν
937 2923 966 2956 ὦ
1002 2923 1153 2967 διάλογοι
1182 2923 1280 2957 πέντε
1308 2923 1368 2958 καὶ
1401 2925 1544 2969 εἴκοσιν,
1578 2925 1613 2957 οἱ
1642 2923 1706 2967 μὲν
1739 2923 1877 2964 Ἀτθίδι,
1912 2923 1947 2956 οἱ
1975 2921 2014 2956 δὲ

357 2984 487 3026 4Ιωρίὸι
516 2983 686 3025 ὸιαλὲκτῳ
712 2982 951 3026 γεγραμμένοι.

501 3041 525 3082 ³)
553 3043 595 3074 ef.
623 3043 773 3082 Natorp,
800 3043 980 3074 Paul.-W.
1008 3043 1056 3083 II,
1080 3044 1110 3083 1,
1138 3052 1171 3082 p.
1192 3044 1270 3074 903.

499 3100 525 3139 ⁴)
552 3102 708 3141 Thumb,
736 3102 948 3140 Handbuch
975 3102 1041 3132 der
1064 3102 1200 3141 grieeh.
1229 3101 1405 3142 Dialekte,
1433 3111 1466 3141 p.
1491 3103 1568 3142 135,
1597 3103 1673 3133 137.

500 3158 525 3198 ⁷¹)
551 3160 583 3191 J.
612 3160 736 3200 Areus,
764 3160 813 3191 De
840 3160 997 3191 dialecto
1024 3160 1159 3200 Sicula,
1186 3169 1219 3200 p.
1242 3162 1274 3191 4.
