2254 3496
900 790 1254 855 Exordium.

389 959 436 1001 In
470 958 752 1013 antiquorum
784 971 929 1000 rerum
963 958 1226 1012 scriptorum
1261 958 1378 1000 libris
1410 958 1585 1012 saepius
1618 959 1826 1012 epistulas
1860 960 1923 1001 in-

246 1033 387 1074 sertas
419 1030 677 1082 invenimus,
704 1043 814 1084 quas
847 1030 903 1072 ab
936 1029 1000 1078 iis,
1036 1030 1192 1083 quibus
1221 1030 1486 1080 tribuuntur,
1507 1031 1693 1083 scriptas
1721 1044 1806 1073 non
1831 1045 1925 1074 esse

248 1102 373 1146 facile
398 1103 670 1155 intellegitur.
718 1103 775 1144 Ut
799 1102 1043 1156 exemplum
1068 1102 1249 1144 afferam
1272 1102 1520 1144 Herodotus
1544 1102 1703 1157 (11‚40)
1728 1104 1922 1145 Amasim

250 1174 352 1218 facit
383 1174 644 1218 scribentem
679 1174 735 1216 ad
768 1174 1055 1229 Polycratem,
1089 1174 1366 1229 Thucydides
1400 1177 1550 1217 narrat
1572 1175 1837 1218 Pausaniam
1868 1176 1924 1218 ad

248 1245 436 1290 Xerxem
471 1246 632 1302 (I‚28)‚
675 1246 863 1288 Xerxem
906 1246 962 1288 ad
1003 1246 1268 1290 Pausaniam
1312 1246 1449 1301 (129),
1489 1246 1824 1290 Themistoclem
1869 1248 1925 1290 ad

246 1317 534 1361 Artaxerxem
569 1319 689 1373 (137)
723 1318 889 1361 litteras
922 1318 1106 1361 dedisse.
1171 1318 1295 1370 Quae
1326 1331 1395 1360 res
1429 1318 1532 1360 nihil
1562 1319 1813 1361 offensionis
1847 1319 1924 1363 ha-

247 1389 382 1433 bebat
414 1403 569 1446 neque,
603 1390 677 1445 qui
697 1390 912 1443 legebant,
946 1391 1178 1444 scriptores
1211 1404 1285 1434 eas
1310 1391 1508 1434 variandi
1537 1405 1669 1433 causa
1692 1391 1926 1434 inseruisse

247 1461 524 1515 ignorabant.
588 1461 756 1505 Horum
789 1463 1031 1517 exemplum
1068 1476 1165 1505 cum
1200 1463 1462 1517 posteriores
1495 1466 1794 1517 sequerentur,
1822 1477 1925 1507 con-

246 1534 432 1577 suetudo
486 1534 694 1590 epistulas
742 1534 844 1577 viris
895 1534 1088 1588 priorum
1141 1537 1388 1589 temporum
1442 1535 1734 1578 substituendi
1787 1535 1925 1589 magis

244 1606 471 1661 magisque
507 1607 776 1662 percrebruit
815 1609 857 1649 et
890 1609 981 1649 tum
1022 1607 1212 1649 maxime
1250 1607 1408 1659 floruit,
1443 1621 1541 1649 cum
1581 1621 1727 1650 sermo
1761 1608 1922 1662 epistu-

244 1678 383 1721 larum
417 1679 460 1721 in
494 1679 600 1722 artis
631 1679 816 1722 formam
850 1679 986 1732 redigi
1025 1682 1204 1733 coeptus
1245 1681 1372 1723 esset.
1436 1679 1642 1722 Nonnulli
1682 1680 1723 1722 in
1765 1680 1846 1723 bac
1879 1693 1925 1721 re

244 1749 288 1793 id
320 1751 586 1805 spectavisse
609 1751 824 1803 videntur,
859 1753 906 1793 ut
929 1751 1141 1793 eiusmodi
1165 1751 1375 1805 epistulas
1398 1752 1479 1793 sub
1507 1752 1684 1793 nomine
1707 1752 1923 1795 clarorum

244 1821 436 1865 virorum
469 1814 758 1866 bibliothecae
786 1823 958 1865 cuidam
994 1823 1245 1866 venderent.
1309 1824 1442 1866 Cuius
1474 1824 1533 1866 rei
1561 1823 1730 1866 initium
1762 1824 1924 1866 factum

244 1907 339 1938 esse
365 1896 635 1949 temporibus
660 1896 904 1938 Attalorum
933 1898 976 1937 et
999 1895 1350 1952 Ptolemaeorum
1377 1896 1567 1938 Galenus
1595 1896 1697 1938 dicit
1715 1897 1758 1947 l).
1803 1896 1924 1938 Multi

242 1955 375 2010 etiam
408 1966 572 2011 litteras
595 1968 856 2017 scribebant,
891 1971 939 2010 ut
970 1968 1176 2021 aequales
1197 1968 1407 2019 fallerent,
1431 1969 1549 2022 quod
1571 1971 1617 2011 ut
1654 1969 1924 2023 perficerent,

243 2038 295 2081 iis
326 2038 540 2082 imitando
573 2039 743 2083 dicendi
777 2039 1136 2082 consuetudinem
1171 2039 1282 2082 illius
1323 2040 1479 2082 aetatis
1516 2043 1558 2082 et
1589 2042 1790 2094 tempora
1823 2043 1925 2094 apte

243 2110 531 2155 describendo
563 2111 681 2154 haud
715 2125 815 2154 raro
848 2112 1038 2164 contigit.
1107 2111 1373 2154 Posteriores
1406 2125 1523 2163 ver0,
1557 2126 1643 2166 qua
1676 2115 1802 2155 erant
1834 2126 1924 2155 cre-

244 2183 442 2235 dulitate,
476 2197 552 2227 eas
584 2184 792 2238 epistulas
824 2184 1036 2235 genuinas
1069 2197 1162 2227 esse
1199 2185 1428 2237 putabant.
1479 2184 1612 2226 Cuius
1645 2184 1803 2226 erroris
1837 2198 1923 2226 non

243 2255 467 2299 minimam
492 2259 662 2310 partem
684 2255 931 2298 rhetoribus
958 2256 1106 2298 deberi
1138 2258 1324 2307 constat,
1350 2256 1422 2310 qui
1448 2256 1488 2298 in
1512 2256 1725 2298 scribendi
1762 2257 1924 2299 exerci-

242 2328 481 2371 tationibus
513 2341 645 2382 saepe
671 2328 890 2382 discipulis
918 2330 1169 2379 posuerunt,
1204 2328 1257 2370 de
1290 2341 1376 2381 quo
1410 2328 1623 2382 epistulae
1652 2328 1789 2370 forma
1822 2342 1923 2381 age-

241 2402 353 2444 rent.
417 2399 503 2455 Ipsi
519 2403 548 2451 2)
574 2413 749 2454 quoque
782 2400 966 2453 exempli
984 2413 1133 2446 ,causa
1156 2413 1474 2454 nonnunquam
1505 2400 1713 2454 epistulas
1739 2401 1923 2452 scripse-

389 2526 415 2569 ¹)
441 2529 520 2562 Gal.
550 2530 595 2561 de
621 2532 695 2562 nat.
723 2529 821 2561 hom.
852 2530 881 2569 1,
902 2530 966 2560 42:
996 2526 1089 2570 Πρὶν
1109 2525 1173 2571 γὰρ
1195 2526 1273 2564 τοὺς
1293 2526 1330 2561 ἐν
1345 2526 1581 2571 Ἀλεξανδρείᾳ
1609 2541 1643 2560 τε
1662 2527 1722 2562 καὶ
1742 2527 1923 2572 Περγάμῳ

241 2585 402 2631 γενέσθαι
431 2586 584 2631 βασιλεῖς
615 2586 670 2621 ἐπὶ
703 2587 823 2631 κτήσει
848 2586 1008 2620 παλαιῶν
1037 2585 1187 2630 βιβλίων
1212 2586 1479 2631 φίλομηθέντες,
1506 2586 1646 2620 οὐδέπω
1674 2587 1820 2631 ψευδῶς
1846 2588 1923 2621 ε’πε-

241 2644 411 2691 γέγραπτο
436 2646 645 2691 σύγγραμμα
671 2646 790 2691 λαβεῖν
817 2647 851 2680 δ’
873 2645 1082 2689 ἀρξαμένων
1106 2645 1237 2688 μισθὸν
1263 2650 1333 2678 τῶν
1358 2647 1579 2687 κομιζόντων
1605 2645 1722 2684 αὐτοῖς
1748 2646 1922 2690 συγγράμ-

240 2718 333 2750 ματα
357 2705 507 2740 παλαιοῦ
534 2719 624 2743 τινος
649 2705 790 2749 ἀνδρός,
817 2706 931 2743 οὕτως
958 2705 1026 2749 ἤδη
1052 2703 1162 2738 πολλὰ
1189 2705 1335 2748 ψευδῶς
1361 2704 1611 2748 ἐπιγράφοντες
1637 2705 1814 2749 ἐκόμιζον.

385 2766 543 2808 Ibidem,
571 2768 602 2798 2.
630 2776 814 2807 prooem.:
839 2764 898 2799 Ἐν
918 2763 983 2808 γὰρ
1010 2770 1058 2808 τῷ
1078 2763 1167 2798 κατὰ
1188 2764 1267 2802 τοὺς
1285 2763 1500 2802 Ἀτταλικοὺς
1521 2778 1554 2798 τε
1574 2764 1634 2798 καὶ
1657 2765 1924 2808 Πτολεμαῖκοὺς

239 2825 403 2870 βασιλέας
434 2825 554 2870 χρόνῳ
585 2825 673 2869 πρὸς
705 2825 875 2867 ἀλλήλους
901 2824 1293 2868 ἀντιφιλοτιμουμένους
1323 2824 1402 2867 περὶ
1435 2824 1593 2868 κτήσεως
1624 2825 1773 2869 βιβλίων
1799 2825 1819 2869 ἦ
1845 2826 1923 2869 περὶ

241 2883 301 2923 τὰς
319 2884 516 2929 ἐπιγραφάς
544 2898 577 2918 τε
604 2884 664 2919 καὶ
691 2883 880 2922 ὁιασκευὰς
904 2884 1023 2918 αὐτῶν
1050 2884 1179 2927 ἤρξατο
1206 2884 1381 2927 γίγνεσθαι
1408 2884 1614 2928 ῥᾳδιουργιά
1644 2889 1713 2922 τοῖς
1739 2885 1841 2919 ἕνεκα
1863 2891 1922 2919 τοῦ

240 2943 360 2989 λαβεῖν
383 2943 552 2988 ἀργύριον
576 2943 816 2988 ἀναφέρουσιν
842 2943 891 2981 ὡς
918 2942 997 2981 τοὺς
1021 2942 1184 2987 βασιλέας
1210 2943 1352 2986 ἀνδρῶν
1377 2943 1533 2984 ἐνδόξων
1559 2943 1821 2987 συγγράμματα.

385 3005 442 3046 (cs.
470 3006 739 3046 Westermann,
775 3005 826 3037 De
852 3004 1096 3045 epistularum
1134 3004 1380 3045 scriptoribus
1415 3004 1566 3037 Graecis
1601 3006 1923 3037 commentationis

240 3073 330 3105 pars
355 3065 489 3106 prima,
518 3075 552 3106 p.
577 3066 646 3104 11.)

385 3122 414 3166 2)
441 3124 636 3167 Susemihl‚
662 3125 807 3158 Griech.
835 3125 963 3158 Gesch.
992 3124 1030 3156 in
1059 3125 1126 3156 der
1152 3124 1511 3166 Alexandrinerzeit,
1539 3125 1590 3166 II,
1618 3134 1652 3165 p.
1676 3127 1741 3157 579
1758 3135 1783 3157 s.
