2254 3496
1155 229 1206 265 34

348 339 544 391 μούντων
572 338 794 391 Ἰλλυριῶν
826 337 895 379 καὶ
933 337 1120 391 Θρᾳκῶν
1151 339 1206 378 ἔτι
1239 337 1538 396 (δὲ-Ἀθηναίων
1570 336 1639 378 καὶ
1661 333 2011 391 Λακεδαιμονίων

349 410 419 450 καὶ
439 410 799 461 ἄλλων“Έλλήνων
820 409 890 449 καὶ
915 409 1149 461 βαρβάρων
1167 409 1353 460 πόλεμον
1373 408 1480 460 πρὸς
1494 410 1505 423 ³
1518 407 1739 454 Ολυνθίοις
1765 409 2008 461 ἓξενεγ-κεῐν;
2047 394 2058 447 ⁵.

352 481 448 531 Quo
482 481 656 522 tandem
692 493 806 520 anno
840 480 936 521 illae
969 482 1117 531 gentes
1150 481 1328 521 cunctae
1361 492 1482 520 arma
1516 478 1711 521 ferebant
1739 482 1890 521 contra
1921 479 2012 521 Ma-

350 552 570 594 cedones?
625 551 739 593 Inter
777 551 1064 592 Athenienses
1102 563 1207 593 sane
1252 553 1293 591 et
1336 550 1580 603 Philippum
1623 549 1781 591 bellum
1824 549 1924 591 inde
1954 549 2011 592 ab

349 635 464 664 anno
492 623 572 663 357
618 621 771 675 erat1).
833 621 1049 663 Plurimae
1091 624 1240 674 gentes
1285 623 1431 663 autem
1462 634 1546 662 uno
1578 634 1694 662 anno
1731 623 1831 674 post
1859 622 2012 663 contra

353 693 600 746 Philippum
634 692 902 746 pugnabant,
936 693 1008 746 qui
1028 706 1167 734 annus
1199 693 1279 734 hac
1306 692 1489 746 epistula.
1516 692 1731 745 designari
1755 694 1913 745 posset,
1933 691 2022 736 nisi-

352 765 581 816 legeretur:
617 764 717 805 ἀλλὰ
751 764 822 809 τοὶς
855 764 1052 816 διαβολὰς
1084 765 1179 817 ἐνῆν
1211 764 1328 804 λῦσαι
1361 763 1431 809 τὰς
1463 763 1507 804 τὸ
1550 764 1737 804 πλεῖστον
1768 764 1835 804 ὑπ’
1863 762 2012 805 Ὀλυν-

351 837 461 877 θίων
493 837 821 890 γινομέναςῖ).
874 836 933 876 Ex
967 835 1053 888 hoc,
1080 839 1275 888 tempore
1308 835 1523 888 praesenti
1556 835 1662 876 mihi
1697 835 1864 877 elucere
1895 833 2014 876 vide-

350 911 422 949 tur
466 907 617 949 eodem
663 920 793 957 anno,
846 920 932 960 quo
974 909 1183 949 Isocrates
1227 907 1465 950 orationem
1512 907 1742 960 scripserit,
1788 901 2015 960 Olynthios

352 978 601 1032 Philippum
626 978 997 1020 criminationibus
1017 979 1250 1020 insectatos
1273 978 1480 1028 timuisse,
1507 991 1561 1019 ne
1581 978 1661 1019 sibi
1681 978 1737 1020 ab
1758 977 1828 1019 illo
1854 977 2013 1019 bellum

355 1050 601 1092 inferretur.
672 1049 729 1090 At
774 1049 857 1091 iam
902 1062 1016 1091 anno
1059 1050 1142 1091 347
1195 1049 1400 1102 oppidum
1447 1062 1593 1105 eorum
1641 1051 1815 1102 captum
1861 1051 1953 1091 erat
1970 1049 2015 1099 3).

356 1121 516 1174 Sparta
536 1123 681 1162 autem
710 1123 750 1162 et
771 1120 961 1173 reliquae
987 1120 1115 1162 urbes
1139 1120 1342 1162 Graeciae
1363 1122 1470 1171 ante
1496 1132 1656 1162 annum
1689 1119 1773 1162 346
1794 1129 2017 1172 nunquam

353 1204 447 1233 cum
482 1191 790 1233 Macedonibus
823 1191 981 1232 bellum
1015 1193 1238 1242 gesserunt
1273 1193 1315 1231 et
1346 1188 1632 1232 Athenienses
1664 1190 1744 1243 ipsi
1779 1192 1883 1241 tum,
1916 1201 2014 1231 cum

354 1263 566 1304 Isocrates
587 1262 842 1312 orationem,
865 1262 918 1302 de
939 1274 1025 1314 qua
1051 1261 1205 1313 agitur,
1239 1261 1497 1314 composuit,
1531 1261 1614 1303 iam
1638 1274 1734 1302 cum
1759 1260 1840 1302 illis
1862 1273 2015 1314 pacem

352 1334 558 1376 fecerant.
2012 1371 2019 1375 r

495 1403 700 1457 Sequitur
732 1404 835 1445 satis
868 1403 996 1455 longa
1030 1403 1221 1445 narratio
1260 1416 1402 1444 rerum
1443 1396 1752 1453 fabulosarum,
1791 1399 1879 1456 qua
1916 1407 2016 1456 pro'-

355 1477 481 1517 betur
516 1489 642 1528 agros
672 1475 781 1517 circa
803 1475 1111 1529 Amphipolim,
1139 1475 1377 1526 Pallenam,
1399 1475 1618 1517 Toronam
1641 1475 1745 1516 sitos
1767 1486 1853 1515 non
1883 1470 2016 1515 Athe·-

356 1547 569 1589 niensium
604 1549 647 1588 et
679 1547 1072 1600 Amphipolitaruin
1108 1547 1183 1587 sed
1216 1545 1500 1588 Macedonum
1533 1555 1640 1594 esse,
1667 1558 1764 1587 cum
1798 1539 2016 1595 Hercules,

354 1622 510 1666 auctor
541 1618 708 1670 generis
748 1618 850 1670 regii
892 1618 1190 1668 Macedonum,
1234 1618 1326 1659 illos
1372 1617 1691 1670 expugnaverit.
1756 1616 1852 1667 Qua
1890 1611 2017 1658 infre

358 1690 515 1732 accidit
547 1690 757 1743 scriptori,
791 1692 838 1730 ut
870 1689 985 1731 dicat
1017 1689 1247 1730 nonnullas
1267 1690 1395 1730 urbes
1421 1689 1507 1730 iam
1537 1688 1730 1730 Herculis
1749 1687 2017 1741 temporibus

355 1761 497 1810 fuisse,
546 1774 657 1814 quae
703 1774 748 1802 re
793 1774 892 1801 vera
937 1761 1121 1813 septimo
1167 1763 1207 1801 et
1240 1763 1361 1801 sexto
1405 1760 1576 1802 saeculo
1618 1759 1821 1802 conditae
1852 1755 2015 1811 sunm),

360 1832 445 1874 Sed
479 1832 684 1885 quoniam
720 1832 848 1874 etiarn
889 1832 995 1873 alias
1028 1832 1195 1874 fabulas
1234 1830 1427 1874 Herculis
1460 1831 1695 1873 facinorum
1738 1830 1892 1872 allatas
1924 1842 2018 1871 esse

359 1903 568 1953 videmus,
615 1917 727 1956 quae
780 1903 835 1944 ad
881 1916 1060 1955 regnum
1106 1903 1389 1944 Macedonum
1436 1902 1613 1943 omnino
1658 1915 1744 1943 non
1787 1901 2017 1954 pertinent,

356 1975 563 2027 suspicari
609 1975 707 2016 licet
755 1975 1007 2027 scriptorem
1064 1974 1284 2015 scientiam
1333 1976 1503 2015 tantum
1555 1975 1774 2015 ostentare
1817 1972 2017 2014 voluisse.

356 2046 558 2088 Ceterum
595 2046 673 2087 has
705 2046 874 2087 fabulas
896 2059 1045 2086 omnes
1079 2046 1165 2087 fere
1198 2059 1249 2086 ex
1271 2045 1388 2086 libris
1410 2044 1632 2095 Herodoti,
1655 2042 2017 2097 Ps.-Apollodori,

359 2118 534 2159 Diodori
575 2117 776 2158 novimus
818 2121 859 2159 et
891 2130 1012 2169 reges
1056 2117 1339 2159 Macedonum
1384 2117 1439 2158 ab
1473 2116 1655 2156 Hercule
1688 2114 1893 2156 oriundos
1925 2127 2018 2156 esse

357 2203 452 2230 cum
487 2189 609 2230 multi
644 2189 712 2230 alii
748 2191 836 2230 tum
874 2189 1084 2231 Isocrates
1117 2189 1207 2241 ipsa
1243 2188 1282 2228 in
1318 2188 1512 2229 oratione
1544 2187 1599 2228 ad
1620 2186 1863 2239 Philippum
1887 2185 2017 2226 missa

359 2263 673 2302 commemorat
706 2260 773 2314 (V,
801 2262 896 2311 115)
917 2260 948 2313 5)
978 2263 1021 2310 ⁴²).

502 2375 525 2414 ¹)
554 2377 725 2408 Schaefer
753 2377 788 2407 ΙΙ
800 2374 822 2414 ²,
849 2386 883 2416 p.
907 2377 948 2406 22
964 2385 1007 2406 ss.

501 2433 526 2474 ²³)
555 2436 654 2466 Haec
690 2435 809 2465 forma
846 2443 918 2465 non
955 2434 1215 2465 commutanda
1248 2435 1299 2464 cst
1332 2433 1370 2464 in
1402 2430 1597 2475 γενοιιιένας.
1646 2431 1737 2463 Nam
1771 2433 1899 2462 auctor
1930 2425 2019 2464 dicit

359 2495 436 2534 ipse
461 2504 497 2525 se
526 2495 620 2525 hane
657 2503 731 2524 rem
760 2503 833 2524 non
870 2496 1025 2524 tractare
1054 2493 1158 2532 velle,
1192 2502 1272 2524 cum
1307 2492 1478 2523 omnibus
1511 2490 1547 2522 in
1580 2493 1761 2530 promptu·
1787 2493 1876 2521 esset
1901 2497 2020 2529 neque

360 2553 511 2584 Isocrati
548 2552 693 2583 crimini
731 2552 819 2583 darc
846 2555 998 2592 poterat,
1036 2551 1133 2591 quod
1171 2551 1264 2582 illud
1300 2551 1487 2590 omisisset,
1520 2559 1600 2582 cum
1639 2558 1676 2580 re
1704 2557 1791 2580 vera
1823 2534 2019 2589 Philippus

366 2613 563 2652 Olynthios
589 2611 798 2650 subegisset.
1028 2608 1053 2650 ³)
1082 2611 1253 2642 Seliaefer
1280 2611 1327 2650 ΙΙ,
1354 2619 1388 2649 p.
1411 2611 1453 2640 22
1468 2619 1510 2641 ss.

502 2670 533 2713 ¹¹)
560 2672 743 2702 Toronam
771 2670 953 2701 coloniam
983 2669 1280 2702 Chalcidensium
1303 2669 1422 2700 octavi
1444 2669 1578 2700 sacculi
1602 2677 1675 2699 esse
1695 2667 1809 2699 tradit.
1830 2667 2021 2712 Diodorus,

361 2731 445 2771 XII,
468 2732 510 2762 68
539 2731 595 2771 (cf.
624 2730 760 2761 Herod.
789 2730 870 2769 VII,
893 2730 951 2770 22)
978 2733 1012 2761 et
1033 2730 1206 2760 Potidaea
1227 2733 1307 2768 post
1337 2738 1473 2760 annum
1498 2729 1563 2759 600
1598 2728 1746 2759 condita
1772 2730 1833 2758 est.
1884 2726 2020 2767 Busolt,

360 2790 503 2821 Griech.
533 2790 658 2821 Gesch.
686 2787 737 2829 1³³,
763 2798 787 2828 p
823 2790 888 2820 650
916 2794 949 2819 et
976 2790 1054 2829 638,
1082 2789 1164 2819 adn.
1196 2790 1221 2819 1.
1831 2781 1833 2783 ’

503 2846 528 2888 ⁴³)
556 2848 598 2879 cf.
629 2847 808 2887 Schaefer‚
847 2848 973 2878 Histor
1010 2847 1283 2886 Taschcnbuch,
1325 2848 1355 2877 6.
1377 2847 1413 2877 F.
1438 2847 1468 2885 3,
1504 2855 1537 2885 p.
1562 2848 1591 2878 3.
1643 2845 1745 2885 Abel,
1782 2843 2020 2875 Macedonien

362 2916 430 2939 vor
456 2907 577 2946 Konig
604 2906 766 2946 Philipp,
793 2915 826 2945 p.
851 2907 904 2937 92.
957 2907 1132 2945 Droysen,
1159 2905 1370 2936 Alexander
1396 2902 1445 2944 12,
1473 2914 1507 2944 p.
1530 2905 1572 2935 67
1591 2913 1634 2935 ss.

504 2966 530 3006 G)
558 2967 603 3006 Is,
621 2959 694 3005 ‘qui
722 2966 930 3005 epistulam,
958 2974 1067 3004 quam
1096 2966 1272 2996 Isocrates
1299 2965 1344 2995 ad
1373 2964 1636 2995 Archidamum
1673 2961 2021 3002 scripsisse'ldicitur

362 3025 420 3065 (cf.
448 3025 704 3064 Wilamowitz,
732 3025 839 3055 Arist.
860 3034 893 3056 u.
916 3024 1045 3063 Athen,
1067 3024 1116 3064 ΙΙ,
1143 3032 1177 3062 p.
1199 3024 1291 3064 394),
1319 3022 1533 3063 composuit,
1559 3021 1672 3053 simili
1694 3022 1803 3052 modo
1823 3020 2019 3052 Herculem

363 3086 547 3114 auctorem
576 3083 844 3122 Spartiatarum
874 3091 948 3112 csse
974 3082 1081 3120 fingit
1107 3076 1178 3120 (ep.
1200 3081 1263 3121 IX,
1286 3082 1303 3111 3
1319 3081 1387 3118 ss).
1439 3080 1497 3120 [cf.
1519 3079 1719 3119 Di'unmler,
1747 3079 1804 3110 Kl.
1826 3077 2020 3119 Schriften,

363 3142 391 3182 Ι,
420 3151 453 3181 p.
479 3142 569 3180 121].
