2254 3496
200 306 383 361 legimus
416 305 733 357 Alexandrum,
766 318 901 347 unum
935 318 989 346 ex
1020 302 1209 357 Philippi
1241 301 1496 354 maioribus,
1531 300 1683 354 legatis
1685 299 1887 370 -Xerxis,

201 379 276 434 qui
316 391 479 433 aquam
520 379 562 420 et
606 380 769 420 terram
810 376 1166 430 postulavissent,
1208 374 1444 417 interfectis
1485 358 1729 416 Graecos*
1722 386 1886 426 magno

200 450 414 494 beneficio
450 449 660 501 affecisse,
703 449 745 491 in
789 448 871 491 hac
912 448 1128 491 sententia
1160 460 1345 501 magnus
1379 459 1500 489 error
1541 449 1619 488 est.
1682 445 1796 488 Nam
1829 445 1886 487 illi

203 523 364 566 Persae
395 535 484 564 non
517 521 672 564 Xerxis
706 521 823 563 iussu
858 521 900 562 in
933 520 1236 563 Macedoniam
1282 521 1508 571 venerunt,
1548 519 1625 560 sed
1665 518 1807 571 Darei,
1841 521 1889 559 ut

202 593 456 638 Herodotus
488 593 731 637 momoriae
762 592 967 647 prodidit,
1012 592 1087 646 qui
1119 591 1233 648 dicit·
1253 591 1321 646 (V,
1361 591 1452 646 17):
1511 590 1772 645 Μεγάβαζος
1802 624 1810 632 .
1839 624 1848 632 .
1880 624 1887 632 .

199 667 356 721 πέμπει
388 665 593 720 ἀγγέλους
625 666 667 711 ἐς
699 664 977 706 Μακεδονίαν
1010 665 1170 718 ἄνδρας
1203 663 1304 705 ἑπτὰ
1345 662 1519 716 Πέρσας
1542 697 1550 704 .
1575 696 1582 703 .
1607 696 1615 704 .
1650 663 1890 716 ἐπέμποντο

203 738 251 781 δὲ
283 737 400 780 οὗτοι
431 737 549 790 παρὰ
578 738 787 790 Ἀμύντην
820 738 1056 785 αἰτήσοντες
1082 741 1159 790 γῆν
1190 752 1232 776 τε
1264 735 1334 776 καὶ.
1366 735 1488 788 ὕδωρ
1522 735 1689 788 Δαρείῳ
1720 735 1891 788 βασιλεῖ·

210 810 377 854 Xerxes
407 823 524 852 anno
557 809 644 851 485
671 821 852 862 regnum
894 808 1124 851 Persarum
1171 807 1414 861 occupavit,
1454 809 1687 860 postquam
1725 807 1892 848 Dareus

212 882 388 936 triginta
439 894 515 924 sex
565 894 705 923 annos
753 881 965 934 regnavit.
1038 880 1089 921 Et
1131 881 1360 934 Amyntas,
1404 892 1492 933 quo
1534 878 1790 921 dominante
1824 878 1892 920 ille

211 953 461 998 Alexander
493 953 659 1006 legatos
690 952 923 996 Persarum
948 951 1173 1002 interfecit,
1207 953 1293 994 iam
1322 951 1436 994 circa
1469 964 1632 994 annum
1661 951 1749 993 498
1776 964 1890 993 mor-

206 1029 310 1070 tuus
330 1029 408 1069 est.
436 1025 640 1068 Ceterum
664 1026 877 1079 Amyntas
897 1025 1036 1067 multo
1056 1027 1157 1067 ante
1185 1037 1348 1067 annum
1371 1025 1459 1066 500
1490 1023 1721 1078 postestati
1747 1023 1893 1075 Mega-

206 1098 304 1141 baci
325 1111 372 1140 se
406 1097 651 1140 subiecerat
667 1098 712 1150 l).
746 1097 809 1140 Ac
835 1099 1043 1151 putamus
1064 1097 1355 1151 Speusippum
1379 1096 1518 1138 virum
1551 1095 1893 1138 eruditissimum

209 1170 397 1213 Xerxem
431 1183 531 1213 cum
572 1169 715 1212 Dareo
761 1169 1037 1212 confudisse?
1100 1168 1215 1220 Quid
1255 1169 1433 1211 tandem
1475 1169 1575 1210 fecit
1615 1168 1894 1210 Alexander?

210 1242 330 1285 Nihil
362 1241 444 1284 nisi
476 1241 688 1284 honorem
722 1241 924 1284 servavit.
988 1240 1100 1283 Nam
1134 1254 1233 1283 cum
1273 1241 1447 1292 Persae,
1481 1243 1529 1283 ut.
1562 1241 1785 1283 libidinem
1821 1254 1896 1282 ex-

209 1313 392 1368 plerent,
425 1313 611 1366 virgines
651 1316 950 1368 exposcerent,
991 1313 1047 1356 ab
1086 1313 1337 1356 Alexandro
1379 1313 1659 1356 adulescente
1700 1313 1893 1367 Amynta

212 1387 340 1442 patre
370 1385 506 1428 inscio
538 1388 673 1440 atque
703 1385 840 1427 invito
874 1385 1014 1428 necati
1048 1387 1162 1428 sunt.
1215 1385 1339 1436 Quae
1359 1398 1442 1436 reS,
1470 1388 1686 1438 quantum
1720 1385 1761 1426 in
1784 1384 1897 1439 peri-

215 1458 358 1502 culum
392 1457 513 1500 illum
545 1457 777 1508 induxerit,
811 1470 863 1499 ex
896 1471 948 1500 eo
969 1457 1272 1510 intellegimus,
1306 1457 1439 1511 quod,
1473 1460 1521 1499 ut
1543 1457 1777 1508 Bubarem,
1810 1457 1899 1510 qui,

215 1529 291 1573 ubi
323 1529 453 1583 legati
486 1532 646 1581 essent,
677 1531 1039 1583 perscrutaretur,
1072 1529 1278 1584 placaret,
1301 1529 1339 1571 ei
1366 1542 1560 1571 sororem
1595 1529 1638 1570 in
1672 1529 1897 1571 matrimo-

219 1601 342 1646 nium
374 1601 496 1645 dedit
528 1604 571 1644 et
603 1615 811 1655 magnam
843 1602 1075 1656 pecuniam
1109 1601 1290 1644 donavit
1307 1602 1354 1656 2).
1419 1601 1513 1644 Hoc
1542 1601 1671 1655 igitur
1690 1614 1779 1643 non
1805 1614 1900 1644 ma-

216 1686 350 1728 gnum
366 1687 468 1728 erga
483 1674 674 1717 Graecos
694 1674 952 1717 beneficium
974 1676 1068 1716 erat
1089 1687 1232 1728 neque
1255 1674 1447 1725 Isocrati,
1475 1673 1547 1728 qui
1570 1672 1612 1715 id
1638 1674 1678 1715 in
1701 1674 1901 1716 oratione

217 1746 449 1799 omisisset,
500 1746 667 1789 crimini
721 1746 814 1789 dari
859 1749 1045 1800 poterat.
1121 1746 1235 1788 Tum
1291 1746 1473 1799 legimus
1521 1747 1710 1788 Graecos
1758 1746 1901 1788 Persis

224 1817 434 1862 Graeciae
473 1818 634 1860 bellum
680 1818 963 1861 inferentibus
1005 1819 1062 1862 ab
1107 1818 1358 1860 Alexandro
1405 1821 1602 1860 servatos
1648 1832 1756 1870 esse,
1802 1831 1900 1860 cum

218 1890 512 1945 proditionem
546 1890 713 1933 Aleuae
754 1891 1156 1945 Thessalorumque
1195 1891 1246 1932 iis
1286 1891 1586 1933 nuntiavisset.
1651 1890 1780 1942 Quod
1813 1904 1901 1932 non

218 1975 370 2006 verum
413 1965 494 2014 est,
550 1963 585 2004 si
629 1962 854 2005 Herodoto
906 1963 1014 2006 fides
1063 1963 1270 2006 habenda
1314 1966 1391 2005 est.
1469 1963 1714 2005 Audiamus
1760 1963 1900 2016 ipsum

223 2033 526 2089 (V11‚172s.):
570 2034 788 2077 Aleuades
819 2035 947 2088 primi
985 2034 1171 2076 Xerxem
1218 2034 1381 2088 populo
1416 2034 1551 2076 invito
1595 2034 1732 2076 secuti
1765 2037 1903 2077 erant.

220 2105 321 2158 Qua
353 2105 408 2148 de
440 2119 573 2150 causa
605 2106 803 2148 Thessali
837 2106 892 2148 ad
928 2106 1130 2157 Graecos,
1165 2106 1238 2160 qui
1271 2107 1313 2148 in
1347 2106 1561 2148 Isthmum
1595 2109 1904 2157 convenerant,

220 2177 388 2230 legatos
430 2177 656 2228 miserunt,
711 2178 786 2232 qui
833 2180 1023 2230 orarent,
1071 2181 1119 2220 ut
1163 2178 1220 2220 illi
1262 2178 1429 2220 aditum
1472 2178 1725 2221 Thessaliae
1770 2191 1907 2232 prope

224 2248 459 2305 Olympum
492 2253 688 2293 montem
722 2250 1049 2304 custodirentss).
1099 2251 1184 2292 Sed
1218 2264 1315 2293 cum
1340 2250 1491 2292 Graeci
1526 2251 1638 2292 inter
1671 2251 1904 2305 Olympum

220 2323 264 2364 et
295 2320 452 2364 Ossam
479 2324 652 2365 montes
678 2321 968 2373 considerent,
996 2321 1246 2364 Alexander
1266 2322 1427 2374 ingenti
1450 2321 1642 2364 exercitu
1671 2321 1905 2364 Persarum

222 2393 608 2449 appropinquante
649 2394 700 2436 iis
732 2394 883 2445 suasit,
923 2397 971 2436 ut
1013 2394 1169 2448 pedem
1214 2395 1436 2445 referrent,
1477 2407 1532 2436 ne
1573 2407 1595 2435 a
1632 2394 1909 2436 multitudine

223 2465 416 2508 hostium
448 2466 841 2522 protererentur1).
894 2466 1024 2509 Vides
1044 2466 1173 2520 igitur
1202 2467 1335 2510 verba
1369 2467 1598 2521 epistulae:
1626 2467 1907 2520 Ἀλεξάνδρου

230 2537 278 2579 δὲ
311 2537 383 2592 τὴν
407 2538 582 2580 Ἀλεύου
614 2539 685 2580 καὶ
711 2537 931 2580 Θετταλῶν
956 2538 1190 2592 προδοσίαν
1211 2543 1294 2585 τοῖς
1318 2538 1487 2592 ‘'Est-‘³²70‘
1506 2539 1773 2592 μηνύσαντος
1805 2539 1907 2579 ἀνα-

228 2609 449 2658 ζεύξαντες
480 2611 521 2651 οἷ
544 2610 741 2664 Ἓλληνες
774 2610 820 2651 δι’
852 2610 1132 2663 Ἀλεξάνδρου
1166 2611 1393 2664 ἐσώθησαν
1425 2611 1555 2651 rebus
1587 2623 1633 2651 re
1657 2623 1756 2652 vera
1777 2609 1909 2662 gestis

224 2692 313 2723 non
354 2680 631 2735 respondere.
705 2680 857 2736 Neque
899 2681 1042 2723 minus
1081 2682 1320 2735 suspiciosa
1359 2684 1424 2724 est
1474 2682 1559 2724 alia
1600 2695 1682 2723 res.
1746 2681 1911 2723 Auctor

233 2753 383 2795 noster
414 2752 609 2807 Scripsit:
640 2753 706 2799 Τίς
739 2754 819 2806 γάρ
852 2754 904 2793 ἂν
930 2754 1068 2799 οὕτως
1099 2754 1235 2808 εὐήθη
1270 2770 1315 2795 σε
1335 2756 1553 2807 νομίσειεν,
1576 2754 1684 2794 ὥστε
1704 2770 1768 2794 σοι
1788 2754 1911 2793 πολε-

372 2876 401 2919 1)
427 2879 471 2912 ef.
500 2880 642 2920 Kaerst,
670 2880 851 2912 Pau1.-W.
880 2881 909 2921 I,
931 2881 963 2922 2,
991 2890 1025 2921 p.
1049 2881 1153 2913 2006.

370 2936 397 2979 2)
424 2939 564 2972 Herod.
592 2939 635 2982 V,
663 2941 791 2979 17-21;
818 2940 954 2973 Justin.
983 2940 1066 2982 VII,
1095 2941 1125 2973 3.

371 2995 399 3038 3)
434 2997 491 3031 δεῖ
521 2997 764 3041 φυλάσσεσθαι
802 2997 863 3042 τὴν
888 2997 1038 3042 ἐσβολὴν
1074 2997 1135 3042 τὴν
1167 2997 1413 3043 Ὀλυμπικὴν.
1437 3025 1444 3032 .
1467 3026 1474 3033 .
1497 2999 1533 3031 οἱ
1566 2997 1605 3032 δὲ
1629 2998 1793 3043 ’Έλληνες
1824 2998 1911 3043 πρὸς

225 3060 334 3091 ταῦτα
359 3055 612 3102 ἐβουλεύσαντο
637 3057 672 3096 ἐς
703 3057 897 3102 Θεσσαλίην
921 3058 1069 3102 πέμπειν
1094 3057 1183 3092 κατὰ
1213 3058 1391 3093 θάλασσαν
1416 3058 1521 3098 πεζὸν
1546 3058 1692 3102 στρατὸν
1711 3059 1912 3103 φυλάξοντα

227 3114 290 3161 τὴν
315 3114 474 3162 ἐσβολήν,
626 3117 654 3159 ⁴)
681 3118 910 3162 σημαίνοντες
936 3117 974 3151 τὸ
999 3117 1136 3162 πλῆθός
1163 3132 1196 3151 τε
1224 3123 1283 3163 τῆς
1309 3123 1469 3162 στρατιᾶς
1495 3118 1555 3152 καὶ
1583 3117 1640 3156 τὰς
1668 3118 1758 3155 νέας.

1770 3187 1791 3220 3
