2254 3496
1649 565 1667 605 μὲ*

1108 639 1461 712 Conspectus,

451 765 494 800 A.
531 765 738 799 Exordium
843 791 850 800 .
949 791 957 799 .
988 775 990 777 ·
1057 791 1065 800 .
1162 791 1170 800 .
1268 791 1276 800 .
1374 791 1384 800 .
1449 791 1452 794 ⁴
1481 792 1490 800 .
1587 791 1596 800 .
1692 792 1703 806 ‚

453 825 491 858 Β.
531 825 715 873 Tractatio
1054 850 1062 859 .
1161 851 1170 859 .
1373 851 1382 860 .
1584 851 1593 860 .
1691 851 1700 860 .

530 884 559 917 Ι.
598 882 833 927 Quamquam
861 892 935 916 non
962 884 1010 916 ab
1028 893 1105 917 uno
1122 884 1282 926 homine,
1302 886 1424 918 tamen
1438 884 1667 927 adiscipulis
1687 884 1723 918 ei

590 943 746 984 scriptas
770 950 846 975 esse
871 943 1146 976 demonstratur
1369 968 1377 976 .
1477 969 1486 977 .
1583 969 1592 978 .
1689 969 1698 978 .

504 1002 552 1035 ΙΙ.
592 1002 681 1035 Illas
706 1001 883 1046 epistulas
909 1002 1041 1043 quinto
1066 1003 1126 1036 vel
1153 1005 1286 1044 quarto
1303 1011 1346 1036 a.
1366 1003 1450 1037 Chr.
1477 1013 1513 1037 n.
1529 1002 1687 1038 saeculo
1709 1006 1790 1041 com

593 1071 668 1094 non
694 1069 799 1102 posse
824 1062 1090 1102 comprobatur

593 1122 622 1154 1.
649 1120 748 1158 Quas
771 1129 830 1153 res
855 1121 903 1153 ad
928 1121 1119 1155 historiam
1146 1122 1380 1163 pertinentes-
1395 1087 1608 1156 contineant
1631 1103 1814 1191 epistula»

585 1181 616 1212 2.
644 1179 697 1212 De
720 1187 854 1220 genere
879 1179 1062 1212 dicendi.

652 1238 686 1279 a)
713 1237 764 1270 De
790 1224 932 1271 delectu
959 1239 1160 1272 verborum

714 1299 744 1330 1.
771 1297 824 1330 De
849 1297 1091 1331 substantivis
1499 1339 1503 1344 Ι

656 1371 658 1373 ·
710 1358 742 1390 2.
769 1357 822 1389 ΒΘ
846 1356 1042 1390 adiectivis
1158 1381 1166 1389 .
1264 1381 1272 1389 .
1371 1382 1380 1390 .
1477 1381 1489 1390 .
1583 1381 1592 1390 .
1681 1358 1753 1403 >gg

711 1416 742 1448 3.
769 1416 821 1448 De
846 1414 972 1448 verbis
998 1425 1001 1429 ·
1053 1439 1061 1448 .
1667 1416 1680 1422 's
1754 1403 1756 1405 ’

599 1519 603 1525 Ι
707 1476 740 1508 4.
766 1475 818 1507 De
843 1474 1036 1508 adverbiis

645 1532 685 1577 b)
710 1534 763 1567 ΒΘ
787 1523 936 1577 syntaxi
1158 1558 1166 1566 .
1264 1559 1272 1567 .
1370 1558 1379 1567 .
1477 1558 1485 1566 .
1583 1557 1592 1566 .

708 1594 739 1626 1.
765 1593 828 1630 ΒΘ,
843 1592 1000 1626 articulo
1050 1617 1058 1625 .
1156 1617 1164 1625 .
1263 1617 1271 1625 .
1369 1617 1376 1624 .
1475 1617 1483 1625 .
1581 1617 1616 1635 ,Α

707 1654 738 1685 2.
766 1652 818 1684 ΒΘ
843 1650 1130 1700 pronominibus
1161 1675 1169 1683 .
1303 1651 1304 1654 ’
1371 1651 1372 1654 ’
1597 1638 1600 1642 ’

711 1712 741 1744 3.
767 1711 820 1744 ΒΘ
843 1709 1009 1752 genitivo
1034 1709 1204 1743 absoluto

707 1771 740 1802 4.
767 1769 819 1802 ΒΘ
844 1768 1092 1807 concinnitate
1117 1769 1326 1809 interrupta
1369 1792 1377 1800 .

707 1830 740 1861 5.
765 1829 818 1860 De
842 1827 1053 1869 periphrasi
1078 1826 1258 1868 loquendi

653 1888 687 1928 c)
711 1887 763 1920 De
788 1886 1031 1920 collocatione
1055 1886 1258 1919 verborum
1475 1910 1484 1918 .
1583 1909 1591 1917 .

477 1947 546 1981 ΙΙΙ.
585 1946 772 1988 Epistulas
797 1945 1048 1980 Atticistarum
1074 1945 1304 1986 temporibus
1321 1944 1548 1986 conscriptas
1576 1928 1653 1978 esse
1677 1944 1761 2013 datu

647 2005 680 2047 a)
708 2006 760 2038 De
783 2004 964 2038 sermonis
987 2003 1254 2038 consuetudine

708 2066 739 2097 1.
765 2065 818 2097 ΒΘ
841 2063 1037 2105 particulis

766 2123 818 2155 De
842 2121 1064 2164 pronomine
1087 2121 1286 2154 indefinito

763 2181 817 2215 De
841 2181 1181 2223 praepositionibus

766 2243 817 2275 De
842 2250 998 2274 numero
1023 2241 1128 2274 duali
1153 2266 1162 2274 .

763 2302 816 2334 De
840 2300 945 2334 hiatu

763 2362 815 2393 De
838 2360 1054 2393 nominibus
1078 2346 1323 2401 personarum
1348 2361 1383 2391 et
1407 2358 1560 2392 urbium
1580 2382 1588 2391 .

764 2420 816 2452 De
842 2418 968 2452 verbis
992 2417 1125 2450 mediis
1157 2442 1165 2450 .

707 2479 738 2511 8.
766 2479 818 2511 De
844 2477 1025 2510 atticismo
1051 2501 1059 2510 .
1157 2499 1165 2507 .
1264 2499 1272 2508 .

643 2537 682 2578 b)
709 2536 811 2574 Quae
841 2539 1058 2578 argumenta
1082 2543 1128 2567 ex
1153 2533 1344 2567 sententiis
1368 2533 1416 2566 ad
1442 2531 1718 2574 philosophiam
1739 2538 1784 2573 p
1788 2542 1790 2545 ’

703 2597 885 2628 eruantur
940 2619 948 2627 .

446 2654 483 2687 O.
522 2654 711 2686 Peroratio

705 2125 739 2452 ΓῙΡθΞ-ἿῨΞἍΨ
