2254 3496
1181 224 1229 260 72

512 334 552 374 5.
590 333 733 386 ὑπέρ;
769 331 880 376 ἐλπὶς
915 331 1016 383 ὑπὲρ
1050 335 1133 372 τῶν
1164 333 1401 383 μελλόντων
1434 332 1520 386 (VI,
1542 333 1602 386 5).

514 405 550 444 (3.
589 404 659 444 ἐν;
694 402 790 447 τοὺς
822 403 865 441 ἐν
897 402 1124 454 φιλοσοφίᾳ
1157 403 1307 454 λόγους
1340 402 1389 457 (Ι,
1415 403 1468 457 1).

512 474 556 527 b)
589 486 667 526 pro
700 472 868 514 dativo:
917 473 951 514 l.
985 474 1122 515 κατεὶς
1167 475 1269 514 καθ’
1305 475 1362 515 ὅτι
1396 475 1611 527 εὐδαίμων
1643 477 1702 529 εἴη
1737 475 1824 529 (VI,
1847 476 1908 529 4),
1943 475 2037 522 τοὺς

370 545 474 585 κατὰ
509 546 626 597 γένος
656 545 947 597 προσήκοντας
980 543 1066 597 (VI,
1095 543 1176 598 ll),
1216 544 1319 585 κατιὶ
1354 546 1479 598 τύχην
1513 547 1558 586 δέ
1599 562 1697 593 τινα,
1738 546 1844 587 κατὰ
1883 547 2038 600 τρόπον

373 613 600 667 (ΧΧΧΙΙΙ).

513 686 552 727 92.
595 687 679 733 εἰςε
719 686 774 730 εἰς
805 689 925 726 τοῦτο
958 685 1058 726 εἶναι
1090 686 1225 739 σοφόν
1258 685 1305 740 (Ι,
1329 685 1386 740 7),
1420 688 1475 732 εἰς
1508 687 1577 727 τὸν
1610 687 1764 740 τρόπον
1797 687 1866 729 τὸν
1893 687 2036 742 Ἐλλη-

371 757 487 799 νικόν
520 755 727 810 (XXVIll,
750 757 809 810 2).

978 828 1013 864 4.
1044 826 1288 867 Denumero
1319 827 1444 867 duali.

517 893 652 934 Huius
674 893 854 942 numeri,
877 892 949 945 qui
972 905 1056 934 non
1079 893 1163 934 iam
1185 893 1384 936 exstabat
1404 896 1547 936 aetate
1568 894 1800 936 Alexandri
1832 894 1974 946 Magni
1990 894 2038 949 ¹),

372 964 571 1005 ultimum
599 963 845 1016 exemplum
872 963 1114 1005 invenimus
1134 964 1251 1016 apud
1274 964 1534 1006 Dinarchum
1558 964 1690 1018 (anno
1719 965 1870 1019 321J2)
1900 978 2040 1019 neque

375 1035 560 1077 occurrit
592 1035 659 1076 ille
686 1035 727 1076 in
761 1035 877 1076 libris
898 1048 1062 1086 eorum,
1085 1036 1156 1088 qui
1178 1035 1534 1078 consuetudinem
1562 1036 1824 1079 cotidianum
1846 1049 2039 1090 sequun-

373 1110 455 1157 tur,
490 1109 531 1148 et
563 1107 604 1147 in
637 1106 755 1148 libris
771 1107 803 1160 3)
837 1106 1112 1159 septuaginta
1132 1107 1392 1149 Iudaeorum
1414 1120 1554 1160 neque
1578 1106 1688 1149 Novi
1716 1107 1984 1150 Testamenti
1999 1107 2031 1163 ⁴)

374 1191 514 1231 neque
535 1178 577 1219 in
597 1177 752 1218 Titulis
779 1178 1055 1229 Pergamenis
1073 1177 1104 1231 ὓ)
1126 1191 1267 1231 neque
1283 1179 1323 1220 in
1350 1179 1525 1232 papyris
1540 1179 1588 1232 ὓ),
1621 1179 1824 1233 Polybius
1838 1180 1870 1233 ⁷)
1890 1181 2038 1222 autem

374 1253 507 1303 atque
540 1249 676 1301 magis
708 1249 921 1302 Josephus
934 1249 966 1302 s)
1006 1249 1178 1299 „timide
1212 1252 1254 1291 et
1285 1250 1435 1292 anxie“
1461 1250 1634 1292 dualem
1656 1253 1879 1304 usurpant.
1926 1250 2037 1294 Nam

381 1334 529 1362 corum
566 1320 763 1373 exempla
796 1319 942 1362 omnia
975 1321 1061 1361 fere
1082 1320 1137 1361 ad
1161 1320 1334 1372 gemina
1366 1321 1563 1363 membra
1596 1321 1787 1374 corporis
1807 1320 2038 1374 pertinent,

375 1393 448 1445 qui
482 1405 584 1433 usus
617 1391 919 1444 antiquissimo
947 1391 1041 1433 usui
1062 1392 1308 1444 respondet.
1372 1392 1670 1434 Atticistarum
1696 1392 1871 1434 demum
1894 1394 2041 1435 aetate

376 1463 482 1504 liber
514 1475 618 1504 usus
657 1462 823 1503 numeri
866 1462 1006 1504 dualis
1044 1463 1195 1504 revixit
1234 1476 1283 1504 ac
1323 1476 1410 1505 non
1442 1465 1507 1507 est
1539 1463 1769 1505 inusitatus
1801 1476 1870 1516 ap.
1913 1463 2040 1506 Dion.

377 1533 491 1581 Chr„
527 1533 642 1584 Luc,
677 1532 867 1583 Aristid.,
902 1532 1010 1583 Ael.,
1031 1532 1285 1585 Philostr.²').
1319 1533 1525 1586 Exempla
1557 1533 1709 1575 harum
1745 1533 2040 1587 epistularum,

377 1617 492 1657 quae
504 1604 729 1645 duodecim
748 1603 930 1660 repperi,
953 1604 1099 1645 onmia
1121 1604 1207 1645 fere
1228 1606 1378 1656 aperte
1399 1605 1455 1645 ad
1476 1604 1584 1647 duas
1605 1618 1672 1646 res
1688 1604 1754 1647 vel
1768 1604 1878 1647 duos
1899 1604 2039 1646 horni-

376 1688 452 1717 nes
475 1675 730 1726 referuntur,
754 1687 848 1716 cum
875 1673 961 1715 duo
984 1674 1179 1728 exempla
1200 1687 1287 1716 non
1313 1674 1515 1727 indicent,
1537 1677 1644 1728 quot
1663 1675 1716 1717 de
1744 1675 1843 1718 viris
1869 1677 2039 1728 agatur.

520 1745 562 1800 a)
604 1747 730 1787 Λυοῖν
772 1747 930 1787 τούτοιν
973 1747 1210 1799 προσδεῖται
1251 1746 1434 1799 πόλεμος
1476 1745 1714 1802 [καρτερίας
1753 1763 1793 1788 τε
1832 1747 1904 1789 καὶ
1943 1748 2040 1802 ἀφι-

376 1815 677 1872 λοχρηματίας]
705 1816 770 1870 (V,
793 1815 851 1870 2),
879 1816 923 1858 τὸ
950 1817 1112 1869 θράσος
1137 1817 1276 1857 αὐτοῖν
1303 1815 1492 1870 (Ἀνύτου
1519 1817 1589 1858 καὶ
1615 1817 1812 1871 Msva
1839 1817 1965 1872 (XIV,
1986 1817 2042 1872 1),

378 1889 510 1930 τούτω
544 1888 601 1929 τὼ
641 1888 895 1941 μιαρωτάτω
938 1888 1064 1940 ἄνδρε
1087 1921 1095 1929 .
1121 1920 1129 1929 .
1154 1921 1162 1930 .
1184 1889 1488 1942 παρεμεινάτην
1527 1889 1704 1942 πονηρὼ
1739 1887 1931 1944 [Ἄνυτος
1971 1889 2043 1930 καὶ

377 1959 556 2015 .u.](1),
598 1959 668 2004 τὰς
715 1960 857 2012 τέχνας
903 1959 1042 1999 αὐτοῖν
1085 1957 1339 2012 (eorundem
1371 1958 1580 2014 virorum)
1607 1958 1684 2013 (1),
1724 1959 1832 2012 πρὸς
1874 1959 2040 2014 Κέβητα

378 2032 448 2072 καὶ
479 2032 632 2083 Σιμίαν
666 2031 722 2071 τὼ
761 2030 937 2084 Θηβαίω
972 2028 1048 2084 (7),
1082 2030 1138 2070 τὼ
1177 2031 1305 2082 ἑτέρω
1346 2030 1440 2083 περὶ
1478 2032 1649 2083 Αἴγιναν
1691 2032 1816 2084 ἤστην
1857 2029 2044 2086 [Κλεόμ-

378 2105 529 2157 βροτος
569 2102 639 2142 καὶ
674 2099 956 2155 Ἀρίστιππος]
978 2099 1055 2155 (9),
1097 2102 1329 2154 προφάσεις
1371 2101 1415 2142 δὲ
1456 2100 1574 2142 αὗται
1620 2103 1711 2142 κατ’
1747 2102 1886 2142 αὐτοῖν
1927 2102 2043 2155 εὗρέ-

379 2176 518 2227 ’θησαν
560 2172 670 2228 [κατ’
711 2173 882 2213 Ἀνύτου
921 2172 991 2212 καὶ
1031 2171 1110 2227 M]
1151 2172 1297 2226 (XVII,
1319 2171 1379 2226 4),
1424 2173 1474 2213 οὒ
1520 2173 1720 2227 διέφαγον
1763 2173 1821 2214 τὼ
1864 2173 2042 2227 πονηρὼ

379 2246 506 2297 ἄνδρε
539 2245 684 2285 ἐκείνω
717 2241 820 2298 [Ἂν.
854 2243 924 2284 καὶ
950 2242 1030 2298 M]
1053 2243 1130 2297 (4),
1162 2244 1280 2284 καλώ
1307 2259 1347 2284 τε
1372 2243 1555 2296 κάγαθὰ)
1582 2244 1716 2296 ἄνδρε.
1734 2244 1804 2285 καὶ
1825 2277 1834 2286 .
1860 2277 1868 2286 .
1892 2277 1900 2286 .
1925 2244 2036 2285 εὔνω

381 2315 633 2370 [Εὐκλείδης
665 2314 734 2355 καὶ
769 2312 982 2368 Τερψίων]
1016 2313 1145 2367 (ΧΧΙ,
1173 2313 1225 2367 l).

522 2384 568 2440 b)
607 2385 868 2439 Σημαίνετον
882 2383 933 2438 10)
955 2384 1062 2438 (XV,
1085 2383 1415 2438 2)‚.02'5‹1rov10)‚
1449 2384 1486 2425 ὦ
1512 2386 1621 2438 φίλοι
1645 2384 1793 2438 (XXII,
1821 2384 1873 2438 l),
1907 2386 2042 2437 ἔρρω-

382 2458 488 2497 σῦον
503 2455 553 2510 10)
587 2456 648 2500 ὡς
679 2455 1057 2507 ἅρμονιωδεστάτω
1090 2456 1217 2508 ἄνδρε
1251 2454 1354 2508 (XV,
1378 2454 1437 2508 3).

526 2570 550 2610 1)
578 2572 755 2612 Krueger,
781 2571 924 2603 Griech.
955 2570 1210 2610 Sprachlehre,
1238 2579 1272 2609 p.
1298 2571 1350 2610 14,
1378 2570 1462 2601 adn.
1487 2572 1515 2601 7.

525 2629 550 2670 ²)
579 2631 689 2671 Keck,
717 2624 815 2662 Uber
841 2631 910 2661 den
938 2630 1031 2661 Dual
1060 2629 1118 2661 bei
1146 2629 1215 2660 den
1238 2630 1378 2669 griech.
1406 2630 1576 2660 Rednern
1603 2631 1679 2669 etc.,
1707 2638 1740 2668 p.
1764 2631 1817 2661 57.
1867 2641 1870 2643 ·

527 2688 550 2729 3)
580 2690 752 2730 Mullach,
780 2699 813 2729 p.
839 2691 914 2721 151.
1060 2686 1087 2727 4)
1115 2686 1281 2728 Winer⁶,
1308 2697 1342 2728 p.
1365 2690 1441 2719 160.

524 2747 550 2787 ⁵)
578 2749 791 2789 Schweizer,
818 2758 852 2788 p.
878 2750 953 2780 138.
1052 2745 1085 2786 6)
1113 2748 1268 2787 Mayser,
1296 2757 1330 2787 p.
1353 2749 1431 2779 249.

528 2806 549 2847 7)
580 2808 704 2840 Herm.
733 2808 908 2848 Schmidt,
944 2808 994 2838 De
1021 2806 1122 2838 duali
1159 2807 1382 2838 Graecorum
1418 2809 1451 2837 et
1485 2806 1685 2837 emoriente
1720 2808 1754 2837 et
1788 2805 2043 2846 reviviscente,

386 2877 419 2907 p.
443 2869 485 2898 50
500 2877 543 2898 ss.
572 2867 699 2906 (Bresl.
728 2867 818 2906 phil.
847 2866 940 2897 Abh.
969 2866 1030 2906 VI,
1051 2866 1096 2904 4).

525 2924 551 2962 8)
579 2926 675 2957 Guil.
704 2925 880 2966 Schmidt,
908 2934 942 2964 p.
965 2926 1052 2964 371;
1082 2925 1125 2956 cf.
1155 2925 1280 2955 Herm.
1311 2925 1486 2965 Schmidt,
1513 2934 1548 2964 p.
1570 2926 1613 2955 44
1629 2933 1672 2955 ss.

527 2984 552 3021 ²³)
582 2985 742 3025 Schmid,
770 2985 798 3024 I,
826 2994 859 3024 p.
883 2986 944 3023 87;
974 2986 1058 3023 233;
1090 2984 1138 3018 11.
1165 2993 1199 3023 p.
1223 2986 1282 3023 35;
1315 2984 1383 3023 III,
1411 2992 1444 3023 p.
1465 2985 1553 3022 476;
1584 2983 1645 3023 IV,
1671 2992 1706 3022 p.
1728 2983 1783 3014 43.

515 3042 553 3082 ¹⁰)
591 3045 666 3075 Has
701 3044 823 3075 dualis
856 3044 994 3074 formas
1030 3043 1228 3074 verborum
1265 3043 1365 3082 apud
1402 3042 1619 3074 recentiores
1654 3050 1727 3073 non
1763 3040 1924 3072 inveniri
1961 3043 2043 3072 ante

373 3103 537 3136 Dionem
566 3104 649 3135 Chr.
678 3106 827 3135 testatur
854 3103 977 3134 Herm.
1007 3101 1182 3141 Schmidt,
1209 3111 1242 3142 p.
1265 3103 1318 3133 45.
