2254 3496
1021 214 1070 252 15

207 323 494 381 praescivisse
524 324 707 377 legimus
740 324 973 367 exercitum
1016 324 1348 367 Atheniensium
1386 325 1427 367 in
1463 324 1607 367 Sicilia
1645 325 1885 379 periturum

209 409 306 440 esse
338 396 443 450 (129
458 396 511 446 D)
545 409 595 438 ac
628 396 816 438 maxime
849 397 1132 439 memorabile
1166 400 1231 439 est
1262 397 1491 439 Socratem
1524 410 1704 440 narrare
1737 397 1885 439 sicari-

205 481 277 511 um
313 468 549 522 quendam,
583 468 655 522 qui
685 468 742 511 ad
765 470 949 510 mortem
978 469 1224 519 duceretur,
1246 468 1527 522 paenituisse,
1548 469 1666 523 quod
1693 468 1886 511 Socratis

203 539 398 582 divinam
431 553 584 582 vocem
618 543 793 582 secutus
814 553 900 582 non
923 543 1037 582 esset
1071 541 1171 590 (1⁶29
1195 541 1322 594 Ass.)
1396 541 1679 583 Recentiores
1707 541 1884 583 demum

169 667 172 670 Δ
203 610 399 654 Socratis
437 611 735 663 daemonium,
769 612 872 665 quid
907 615 1034 663 esset,
1068 612 1246 654 omnino
1281 626 1367 654 non
1401 612 1705 655 intellexerunt
1739 616 1782 655 et
1814 626 1884 666 ge-

200 682 326 726 nium
365 683 432 726 vel
473 683 734 726 daemonem
773 697 869 726 esse
911 684 1240 727 arbitrabantur
1261 684 1305 739 ¹),
1346 685 1419 739 qui
1458 697 1557 726 eum
1600 685 1641 726 in
1682 684 1886 727 omnibus

200 755 332 798 rebus
375 755 539 799 oraculi
582 756 678 798 loco
719 756 902 798 invaret.
982 756 1104 798 Hanc
1147 756 1395 810 opinionem
1440 757 1641 799 videmus
1683 757 1724 798 in
1767 757 1886 799 libris

199 827 427 871 'Plutarchi
461 828 541 882 (De
573 828 700 881 genio
739 827 964 882 Socratis),
1005 828 1160 882 Apulei
1203 828 1282 883 (De
1321 828 1404 871 deo
1444 828 1668 884 Socratis),
1709 829 1885 872 Maximi

202 899 322 956 Tyrii
353 899 432 955 (cc.
458 900 512 942 14
532 902 575 942 et
603 900 689 954 15).
752 899 960 942 Similiter
985 900 1167 953 legImus
1187 901 1229 942 in
1249 900 1392 954 prima
1418 900 1573 944 harum
1597 901 1884 955 epistularum

202 970 259 1014 de
290 971 523 1015 daemonio
556 971 768 1015 Socratis:
821 972 933 1014 Οὐδὲ
965 978 1025 1026 τῷ
1058 974 1150 1026 θεῷ
1173 974 1431 1026 συναρὲσκει,
1458 972 1497 1026 ᾧ
1528 974 1652 1027 μέχρι
1675 978 1750 1014 νῦν
1777 990 1884 1027 συμ-

201 1043 348 1099 βούλῳ
379 1061 420 1086 τε
451 1045 524 1086 καὶ
555 1045 770 1098 ἐπιτρόπῳ
803 1045 987 1098 ἐμαυτοῦ
1020 1048 1192 1098 χρῶμαι
1219 1045 1268 1099 (Ι,
1301 1044 1386 1099 12).
1432 1044 1551 1087 Idem
1579 1045 1687 1087 deus
1715 1045 1884 1088 Socrati

205 1127 297 1158 non
332 1116 474 1158 solum
506 1118 706 1171 tempora
739 1116 884 1158 futura
916 1116 1058 1170 aperit
1089 1117 1165 1158 sed
1199 1118 1330 1159 etiam
1351 1116 1654 1159 adulescentes
1688 1131 1785 1159 eum
1820 1118 1883 1159 in-

203 1189 372 1229 struere
404 1187 523 1230 iubet
557 1187 603 1239 (1,
631 1189 657 1228 6
678 1187 730 1241 s.)
753 1190 796 1229 et
815 1187 872 1230 ad
892 1187 1214 1241 philosophiam
1237 1188 1462 1231 accedere:
1499 1193 1572 1230 τοῦ
1605 1190 1711 1230 θεοῦ
1743 1189 1886 1230 κελεύ-

200 1274 351 1306 σαντος
381 1260 630 1314 φιλοσοφεῖν
664 1259 711 1314 (Ι,
739 1259 799 1312 2),
837 1259 956 1313 quod
983 1259 1180 1302 Platonis
1205 1260 1365 1302 rationi
1387 1260 1565 1303 omnino
1592 1274 1680 1303 non
1704 1274 1885 1315 respon-

205 1331 294 1374 det.
358 1330 471 1374 Nam
495 1331 735 1374 secundum
759 1331 872 1374 hanc
892 1331 1178 1385 philosophus
1205 1332 1274 1374 ille
1295 1332 1559 1375 clarissimus
1591 1347 1617 1376 a
1650 1334 1884 1376 daemonio

201 1403 360 1446 adduci
402 1416 490 1446 non
523 1406 710 1457 poterat,
755 1406 802 1446 ut
844 1404 950 1447 talia
991 1405 1229 1458 susciperet
1268 1418 1410 1458 neque
1451 1405 1667 1448 adductus
1707 1409 1771 1449 est
1803 1406 1884 1448 nisi

201 1475 380 1518 oraculo
411 1476 478 1518 vel
510 1475 605 1518 aliis
637 1476 767 1518 rebus
785 1478 829 1527 2).
881 1476 967 1518 Sed
994 1476 1122 1518 huius
1155 1477 1366 1531 epistulae
1393 1477 1578 1532 scriptor
1603 1479 1882 1521 daemonium

201 1546 396 1590 Socratis
417 1549 460 1590 et
485 1547 709 1590 oraculum
738 1547 1003 1590 confundere
1031 1548 1214 1599 videtur,
1249 1562 1350 1590 nam
1379 1549 1462 1591 deo
1489 1562 1535 1592 se
1571 1550 1673 1591 dicit
1700 1550 1883 1604 obsequi

203 1618 376 1671 debere,
409 1619 484 1674 qui
516 1633 562 1662 se
582 1619 750 1671 melius,
784 1619 886 1674 quid
919 1620 1020 1662 utile
1052 1621 1120 1672 sit,
1154 1625 1386 1673 cognoscat
1410 1622 1471 1676 (7)
1500 1625 1543 1664 et
1570 1621 1723 1664 endem
1753 1623 1883 1664 modo

201 1689 450 1734 civitatibus
471 1691 646 1734 Graecis
673 1704 833 1745 magno
860 1692 956 1733 usui
985 1705 1079 1734 esse
1107 1693 1331 1735 oraculum
1354 1693 1609 1747 Delphicum
1638 1694 1883 1746 consulere,

199 1775 276 1806 eas
305 1764 468 1814 autem,
501 1776 615 1817 quae
647 1764 837 1818 Apollini
858 1777 944 1806 non
979 1764 1230 1816 oboediant,
1263 1765 1522 1818 plerumque
1548 1765 1710 1807 damno
1755 1766 1882 1808 affici.

200 1834 450 1878 Secundum
501 1834 732 1878 Platonem
777 1839 930 1879 auctor
975 1836 1078 1878 illud
1118 1837 1400 1879 daemonium
1446 1838 1578 1879 etiam
1626 1838 1670 1879 τὸ
1724 1838 1882 1884 εἰωθὸς

200 1911 377 1961 σημεῖον
415 1907 621 1961 appellat.
691 1907 778 1950 Sed
826 1921 923 1950 cum
958 1908 1074 1951 dicat
1111 1910 1265 1963 συνέβη
1304 1925 1377 1963 μοι
1416 1910 1461 1950 τὸ
1500 1909 1658 1956 εἰωθὸς
1696 1914 1882 1966 σημεῖον,

201 1977 332 2020 etIam
366 1990 420 2021 ex
445 1978 513 2020 his
533 1979 676 2021 verbis
694 1979 862 2022 elucere
882 1979 988 2021 mihi
1011 1979 1182 2022 videtur
1203 1979 1321 2022 illum
1350 1980 1573 2034 putavisse
1599 1981 1882 2024 daemonium

201 2061 298 2093 esse
337 2050 470 2093 deum
508 2051 576 2093 vel
614 2051 802 2093 amicum
842 2064 1019 2094 numen.
1092 2051 1187 2103 Qua
1234 2066 1280 2094 re
1321 2052 1543 2096 affirmare
1586 2053 1728 2096 audeo
1769 2054 1883 2097 hanc

200 2121 376 2176 quidem
401 2122 633 2177 epistulam
655 2126 798 2166 ortam
830 2137 924 2165 esse
954 2123 1034 2166 illis
1057 2126 1157 2178 post
1177 2123 1277 2166 Chr.
1300 2138 1341 2167 n.
1369 2125 1641 2178 temporibus
1661 2126 1883 2169 Plutarchi

200 2193 268 2237 vel
307 2194 479 2249 Apulei,
518 2195 678 2249 quibus
724 2209 876 2238 omnes
916 2196 1004 2238 fere
1042 2196 1241 2239 homines
1279 2197 1577 2250 superstitioni
1616 2211 1883 2252 magnopere

199 2278 380 2321 operam
407 2266 579 2310 dedisse
611 2270 656 2310 et
688 2268 743 2311 de
776 2269 871 2322 ipso
898 2268 1092 2312 Socratis
1125 2269 1358 2312 daemonio
1382 2270 1628 2324 complures
1648 2271 1882 2326 scriptores

199 2339 424 2394 scripsisse
455 2340 630 2383 scimus.
694 2340 974 2395 Quamquam
1010 2342 1122 2383 enim
1158 2344 1434 2385 accusatores
1466 2342 1694 2386 Socratem
1728 2357 1881 2398 argue-

200 2410 320 2463 bant,
363 2412 482 2466 quod
521 2425 660 2455 novos
699 2413 806 2455 deos
845 2413 1020 2465 coleret,
1068 2417 1216 2456 tamen
1254 2414 1570 2468 posterioribus
1612 2417 1882 2470 temporibus

198 2483 383 2526 saeculis
408 2484 606 2527 homines
633 2485 897 2528 sententiam
939 2486 1135 2528 Platonis
1173 2489 1217 2528 et
1248 2487 1553 2541 Xenophontis
1585 2489 1883 2542 sequebantur

200 2567 342 2610 neque
357 2557 589 2611 quisquam
606 2560 708 2600 ante
722 2558 1022 2609 Plutarchum,
1038 2559 1186 2612 quoad
1197 2559 1370 2610 scimus,
1387 2572 1441 2603 ne
1455 2560 1688 2614 Antipater
1702 2561 1877 2614 quidem

198 2626 304 2670 illud
323 2628 603 2671 daemonium
627 2643 720 2672 esse
741 2631 871 2673 deum
887 2631 1088 2684 putabat.
1121 2631 1233 2673 Tum
1254 2631 1459 2674 Socrates
1473 2633 1613 2686 pergit
1633 2634 1764 2675 etiam
1786 2634 1880 2675 offi-

198 2700 279 2752 cia,
301 2713 416 2755 quae
442 2701 499 2744 illi
521 2706 748 2756 praestare
769 2703 942 2755 debeat,
973 2704 1061 2746 suis
1084 2703 1249 2746 viribus
1276 2705 1443 2747 maiora
1469 2718 1579 2748 esse.
1629 2706 1692 2748 Ac
1718 2706 1753 2747 si
1784 2707 1879 2761 quis

201 2771 358 2815 nimias
390 2786 460 2816 res
485 2777 621 2829 petat,
655 2769 849 2818 futurum
882 2789 991 2827 esse,
1025 2778 1072 2818 ut
1105 2776 1147 2818 in
1181 2777 1476 2820 calamitatem
1512 2778 1687 2821 incidat.
1751 2778 1879 2829 Quod

199 2845 249 2886 ut
279 2843 595 2899 demonstrent,
628 2851 797 2891 veteres
830 2848 1174 2903 mythographos
1207 2849 1398 2892 fabulam
1433 2849 1782 2904 Bellerophontis
1815 2851 1879 2894 in-

199 2917 383 2961 venisse.
454 2917 567 2961 Nam
606 2919 727 2962 illum
767 2933 855 2963 non
894 2921 1072 2974 perisse,
1114 2921 1233 2975 quod
1277 2921 1419 2963 locum
1460 2922 1686 2965 editiorem
1727 2922 1878 2979 [τόπου

345 3032 370 3075 ¹)
397 3035 669 3078 volquardsen,
705 3034 778 3069 Das
814 3038 1052 3070 Daimonium
1090 3038 1153 3070 des
1188 3016 1362 3071 Sokrates
1396 3039 1473 3071 und
1507 3039 1607 3071 seine
1634 3040 1878 3083 Interpreten,

197 3100 234 3134 p.
254 3093 300 3126 46
327 3095 362 3125 et
386 3094 472 3127 adn.
495 3097 524 3128 1.

342 3151 370 3195 2)
396 3154 528 3196 Zeller,
554 3155 681 3188 Gesch.
709 3156 776 3188 der
801 3156 937 3196 griech.
967 3157 1030 3189 Ph.
1059 3157 1108 3198 II,
1137 3159 1192 3199 67,
1221 3159 1277 3190 68.
