2254 3496
994 183 1043 221 61

184 292 350 347 τέμιδος
382 290 533 348 (ΧΙΧ),
566 293 590 333 ὁ
624 293 853 341 Διονύσιος,
887 294 910 334 ὁ
937 294 1214 346 Ἀρίστιππος,
1248 297 1319 334 τοῦ
1354 294 1574 335 Διονυσίου
1604 293 1774 350 (ΧΧΙΙΙ,
1807 294 1868 349 1),

183 364 209 406 ὁ
240 364 470 412 Διονύσιος,
491 369 562 406 τοῖΙ
585 365 853 418 Ἀλκιβιάδου
879 365 958 420 (Ξ),
992 370 1063 406 τοῦ
1092 367 1326 411 Διονυσίου,
1360 367 1383 406 ὁ
1412 367 1641 413 Α«Ιιονύσιος,
1669 373 1728 420 τῷ
1750 367 1868 408 Πλά-

183 451 297 487 τωνι,
330 435 401 477 τὸν
426 435 706 488 Ἀρίστιππον,
748 437 817 478 τὸν
860 436 1071 478 Πλάτωνα
1107 436 1185 491 (3),
1228 441 1300 478 τοῦ
1338 439 1646 491 Ἀθηνοδώρου
1680 437 1868 493 (XXVI),

183 506 258 561 τὴν
283 506 464 561 Μέμφιν
480 506 692 562 (XXVIII,
716 507 774 562 3),
798 513 870 549 τοῦ
892 509 1113 550 Διονυσίου
1130 508 1306 564 (ΧΧῙΧ,
1332 508 1387 564 1),
1416 510 1485 550 τὸν
1506 511 1774 563 Ἀρίστιππον
1789 509 1868 565 (3),

183 578 256 620 τὸν
291 578 452 620 Βάττον
466 578 622 634 (ΧΧΧ,
649 579 734 634 11),
762 585 821 633 τῷ
847 580 1043 634 Γηρυόνῃ
1067 580 1277 635 (XXXV),
1299 581 1369 622 τὸν
1396 582 1642 623 Φιλιστίωνα
1656 581 1868 637 (XXXV).

326 649 480 704 Neque
502 650 582 692 sibi
610 654 812 694 constant
840 654 1040 694 auctores
1060 652 1104 706 ¹).
1153 652 1354 704 Legimus
1382 654 1555 700 Λέοντα,
1585 654 1867 706 Σωκράτοι.·ς;

184 722 210 764 ὅ
241 721 462 777 Χαρικλῆς
494 722 602 777 (Vll,
635 723 695 778 1);
731 724 827 770 τοὺς
859 725 1205 778 Λακόαιμονίους
1237 723 1360 779 (biS):
1397 724 1641 778 Κορινθίων
1673 726 1744 766 καὶ
1779 726 1866 780 Θη-

182 793 321 848 βαίων
353 792 433 849 (3).
472 793 525 836 Οἵ
554 795 649 848 περὶ
682 795 708 835 Ι
714 795 890 848 ’ρύλλονι
939 795 1009 836 τὸν
1043 795 1173 838 Γέταν
1207 795 1335 850 (XIV,
1375 795 1430 851 1).
1483 797 1748 851 Ἀριστίππῳ,
1771 798 1867 837 Διο-

183 864 344 908 νύσιονε
390 865 414 905 ὁ
446 865 676 913 Διονύσιος,
704 867 728 907 ὁ
754 867 1019 919 Ἀρίστιππος
1055 866 1226 921 (XXIII,
1258 867 1315 922 1),
1342 868 1366 907 ὁ
1394 868 1635 913 Διονύσιος-ζ
1663 869 1866 921 Ἀριστίπ-

182 951 268 978 που
303 935 406 991 (bis)
438 936 516 991 (2).
572 937 654 978 Τοῦ
682 939 1010 992 Ἀθηνοδώρουε
1055 939 1150 992 περὶ
1174 939 1394 980 Διονύσιον
1417 939 1608 994 (XXVI).
1656 940 1725 994 Νὴ
1749 938 1867 995 τὸνῗ)

184 1007 284 1050 Aia:
335 1009 444 1062 πρὸς
503 1009 602 1055 Διός
649 1009 840 1063 (XXVII,
878 1009 933 1064 1).
1004 1010 1057 1051 Oi
1099 1011 1192 1064 περὶ
1237 1011 1526 1053 Ἡλιούπολινε
1570 1012 1642 1066 τὴν
1687 1012 1867 1066 ΙΜέμῳιν

185 1077 398 1134 (XXVIII,
425 1080 462 1131 1,
484 1079 543 1135 3).
583 1081 671 1121 Ἀπ’
701 1082 916 1134 Αἰγύπτου
950 1084 993 1124 et
1012 1082 1106 1134 περὶ
1138 1082 1374 1135 Αἴγυπτονε
1408 1083 1482 1137 τὴν
1501 1083 1784 1137 Αἴγυπτονῌ,
1808 1082 1866 1138 3).

190 1151 274 1194 Τοῦ
309 1152 530 1194 Διονυσίου
570 1155 613 1194 et
651 1153 720 1194 τὸν
747 1154 1034 1206 Ἀρίστιπποντ
1078 1155 1338 1207 Αρίστιππσν
1371 1154 1543 1209 (ΧΧΙΧ,
1581 1156 1618 1207 1,
1647 1156 1687 1207 3,
1715 1156 1774 1210 2).
1817 1155 1870 1197 Οἱ

173 1223 375 1278 οΈλληνες
407 1223 509 1279 (bis)
550 1227 593 1267 et
624 1228 708 1266 τῶν
739 1226 993 1279 βαρβάρωνε
1022 1227 1264 1280 Ἀθηναίων
1296 1229 1338 1268 et
1370 1229 1606 1280 βαρβάρων
1639 1227 1792 1282 (XXX,
1827 1229 1867 1278 3,

190 1294 278 1350 11).
313 1295 419 1338 ,Τοῦ
452 1295 672 1350 Βριαρέω;
709 1297 946 1350 Κέκροπος,
985 1298 1223 1340 Φιλιστίωνι
1258 1306 1316 1352 τῴ
1354 1299 1392 1340 Γ
1388 1300 1519 1353 αρότᾳ
1554 1299 1764 1354 (XXXV).

189 1357 193 1360 ⁴
335 1367 534 1409 Κάκεῖνοι
567 1368 640 1422 τὴν
672 1369 717 1416 ἐξ
745 1369 892 1423 ἀρετῆς
919 1369 1125 1424 ἀληθινὴν
1159 1370 1288 1418 δόξαν
1326 1371 1643 1417 ἀπολωλεκότες
1688 1373 1745 1417 εἷς
1796 1371 1868 1425 τὴν

185 1444 234 1487 ἐκ
267 1449 340 1500 τῆς
364 1445 584 1499 ἀρεσκείας
604 1447 942 1500 καταφεύγουσιν
962 1446 1050 1501 (IV,
1073 1447 1133 1502 3).
1190 1447 1297 1488 Οὔτε
1328 1449 1473 1488 πενίαν
1506 1450 1600 1490 οὔτε
1627 1450 1699 1502 τὴν
1720 1451 1866 1503 τέχνην

185 1521 356 1578 (XVIII,
383 1522 444 1578 2),
477 1523 597 1568 Κατὰ
629 1525 762 1577 μέρος
792 1525 863 1566 καὶ
896 1525 1000 1566 κατὰ
1034 1524 1078 1565 τὸ
1112 1525 1211 1566 ὅλον
1245 1525 1453 1579 (XXVIII,
1482 1526 1536 1581 1).
1603 1577 1606 1580 Α

291 1610 298 1632 1
327 1600 611 1654 Neglegentia
653 1602 820 1644 articuli
874 1602 1063 1656 ponendi
1116 1603 1306 1645 maxima
1359 1606 1452 1646 erat
1483 1604 1625 1658 primo
1670 1619 1712 1659 p.
1765 1605 1866 1648 Chr.

186 1684 228 1716 n.
277 1671 518 1724 saeculo³).
578 1673 687 1714 Cum
735 1674 865 1716 etiam
912 1674 952 1715 in
995 1675 1239 1728 praeceptis
1282 1675 1341 1716 rei
1381 1675 1581 1729 publicae
1621 1676 1866 1726 Romanae,

184 1756 300 1798 quae
313 1744 481 1787 Graeca
508 1745 654 1798 lingua
682 1745 843 1799 scripta
869 1749 983 1796 sunt,
1011 1759 1222 1800 persaepe
1249 1747 1456 1790 articulus
1477 1748 1587 1790 desit
1605 1749 1652 1801 ⁴),
1681 1748 1722 1789 id
1747 1748 1865 1802 quod

183 1814 553 1858 Romaniset'acile
599 1816 875 1869 ignoscimus,
918 1817 1161 1872 Schmid51),
1204 1819 1270 1860 cui
1313 1819 1494 1862 fortasse
1535 1820 1863 1862 assentiendum

184 1889 263 1938 est,
295 1889 423 1941 putat
456 1887 772 1940 neglegentiam
807 1891 1001 1930 exortam
1038 1903 1146 1940 esse,
1180 1890 1296 1943 quod
1332 1890 1477 1942 lingua
1511 1891 1665 1934 Latina
1706 1905 1758 1933 ea
1792 1905 1866 1933 ae-

184 1959 277 2000 tate
308 1958 512 2000 omnibus
545 1958 721 2001 Graecis
755 1959 933 2001 eruditis
966 1962 1069 2003 nota
1103 1964 1229 2012 esset,
1274 1974 1352 2013 ego
1387 1966 1533 2003 autern
1572 1962 1688 2004 illam
1722 1963 1865 2014 negle-

183 2028 385 2084 gentiam
420 2042 507 2072 non
554 2030 732 2072 minime
776 2032 965 2073 sermoni
1006 2032 1171 2085 vulgari
1217 2033 1364 2075 deberi
1411 2035 1613 2084 arbitror,
1657 2035 1776 2088 quod
1824 2036 1864 2076 in

183 2100 536 2155 inscriptionibus
569 2102 672 2156 ipsis
705 2102 912 2145 articulus
946 2117 1077 2158 saepe
1109 2105 1337 2156 omittitur,
1373 2119 1424 2147 ac
1447 2120 1500 2148 ne
1527 2110 1741 2148 terrarum
1771 2107 1866 2160 qui-

184 2171 283 2215 dem
318 2173 568 2215 nominibus
600 2174 666 2216 vel
699 2175 892 2225 gentium
925 2176 1175 2228 adiungitur
1200 2177 1246 2230 ⁴²).

779 2289 815 2327 2.
846 2289 902 2327 De
931 2290 1244 2339 pronominibus.

326 2365 411 2408 Pro
450 2379 634 2408 nurnero
679 2367 834 2420 plurali
882 2368 1050 2421 primae
1091 2383 1306 2423 personae
1354 2371 1623 2424 pronominis
1672 2371 1863 2413 reflexivi

181 2437 421 2480 substituta
452 2440 517 2480 est
551 2438 690 2482 forma
723 2440 878 2482 tertiae
910 2454 1125 2494 personae
1158 2442 1202 2483 in
1235 2442 1388 2496 quinta
1423 2443 1607 2496 epistula
1642 2446 1684 2484 et
1724 2444 1765 2485 in
1810 2444 1863 2484 vi-

183 2509 346 2552 desima
377 2509 534 2553 altera:
563 2510 759 2565 Ἐπείπερ
792 2513 907 2560 ἅπαξ
938 2514 994 2559 εἰς
1021 2518 1141 2554 τοῦτο
1163 2514 1337 2560 ἑαυτοὺς
1362 2515 1517 2567 ἔὸο,ι«ιεν
1550 2515 1617 2570 (V,
1652 2514 1712 2569 2),
1746 2517 1864 2569 ἡμεῖς

182 2581 358 2627 ἑαυτοὺς
388 2583 591 2633 πείθομεν
625 2581 777 2638 (XXII,
806 2585 848 2636 ⁶2)
884 2587 926 2626 et
958 2584 1084 2627 simili
1119 2585 1250 2627 modo
1290 2586 1445 2629 tertiae
1478 2600 1691 2640 personae
1726 2588 1863 2629 forma

183 2665 264 2707 pro
297 2653 517 2696 secundae
543 2655 711 2698 numeri
744 2655 972 2709 singularis
995 2660 1036 2699 et
1057 2657 1259 2711 pluralis:
1294 2660 1331 2699 εἰ
1359 2660 1418 2713 μὴ
1443 2692 1452 2702 .
1476 2692 1483 2701 .
1509 2693 1517 2702 .
1539 2660 1643 2714 αὑτῇ
1663 2665 1864 2713 παρέχοις

331 2787 354 2825 “)
381 2789 460 2821 Hoc
486 2789 567 2822 loeo
593 2791 763 2831 exempla
789 2791 1023 2831 singularum
1050 2792 1294 2832 epistularum
1322 2794 1449 2824 affero.

328 2845 355 2887 ²)
387 2848 595 2882 Articulum
636 2850 673 2882 in
713 2851 894 2883 eiusmodi
930 2852 1054 2882 verbis
1092 2851 1339 2884 iurisiurandi
1380 2853 1659 2885 Demosthenem
1699 2854 1863 2886 omisisse

182 2908 336 2939 testatur
362 2907 476 2949 Blass,
503 2910 824 2942 Demosthenisohe
852 2911 1016 2943 Studien.
1070 2911 1136 2943 Rh.
1159 2912 1205 2943 M.
1227 2915 1270 2944 44
1299 2912 1432 2953 (1889),
1459 2922 1492 2952 p.
1516 2915 1569 2945 11.

328 2963 354 3006 ²⁸)
382 2967 544 3010 Schmid,
572 2969 634 3011 IV,
662 2979 696 3010 p.
720 2971 799 3002 614.

327 3026 354 3067 ⁴)
381 3027 547 3069 Vieneok,
575 3029 702 3061 Sermo
728 3030 900 3071 Graecus,
928 3039 1002 3070 quo
1028 3034 1175 3063 senatus
1202 3032 1438 3072 populusque
1465 3035 1542 3073 ete,
1571 3042 1604 3073 p.
1628 3035 1670 3064 (30
1685 3042 1728 3065 ss.

329 3085 354 3126 ὁ)
383 3087 545 3129 Sohund,
574 3089 643 3129 III,
671 3099 704 3128 p.
728 3091 781 3121 (34.
931 3090 956 3130 ¹²)
986 3090 1237 3131 Meisterllans,
1266 3102 1298 3133 p.
1322 3094 1400 3125 225.
