2254 3496
1020 211 1074 248 43

825 321 853 359 l.
888 320 945 360 De
975 319 1260 360 substantivis.

352 399 386 441 1.
423 398 485 440 Ac
517 398 706 452 primum
746 399 921 452 quidem
963 398 1196 453 disputabo
1235 397 1290 440 de
1329 397 1612 439 substantivis
1651 397 1773 439 etde
1816 397 1880 447 iis,

190 478 314 525 «quae
345 469 418 513 illa
443 472 590 512 aetate
610 470 806 513 nondum
837 472 1022 513 suerunt.
1069 470 1166 522 Qua
1200 470 1241 511 iu
1270 480 1328 520 re,
1356 469 1391 511 si
1424 470 1478 511 de
1499 469 1693 511 Socratis
1718 469 1881 522 epistu-

196 540 251 584 lis
281 541 438 595 agitur,
470 542 719 596 praecipue,
753 543 871 596 quod
900 543 968 585 ille
995 542 1281 597 philosophus
1307 554 1424 584 anno
1454 543 1540 582 :399
1568 541 1655 584 vita
1682 541 1881 591 excessit,

198 613 398 669 quintum
450 613 671 656 saeculum
719 615 1035 668 respiciendum
1083 618 1160 665 est,
1226 627 1323 656 cum
1367 614 1408 655 in
1449 613 1602 656 ceteris
1641 612 1883 656 tractandis

187 686 329 730 'etiam
363 685 507 740 quarti
538 687 698 728 saeculi
731 687 944 730 rationem
978 687 1140 729 habere
1172 686 1427 728 debeamus.

340 763 541 818 Singulas
573 764 782 818 epistulas
814 765 1018 819 deinceps
1050 777 1322 818 percurram.

341 841 674 899 παλιμπράτης
707 844 754 898 (Ι,
788 843 843 897 1),
879 844 925 894 is,
961 843 1035 897 qui
1068 856 1136 885 res
1170 842 1269 898 (hoc
1297 843 1390 885 loco
1424 842 1497 896 τὴν
1519 839 1730 895 παιδείαν)
1769 854 1874 882 ven-

205 912 330 957 ditat.
360 913 592 968 ‘Nusquam
622 915 820 957 iveuitur.
855 914 1128 957 Adiectivum
1155 915 1449 968 παλίμπρατος
1476 913 1595 967 apud
1619 912 1727 955 Poll.
1756 911 1883 966 (qua-

199 987 288 1029 ter:
322 986 492 1038 3,125;
539 987 579 1038 7,
612 987 683 1034 12:
731 987 899 1038 6‚127;
947 988 988 1038 4,
1024 988 1110 1038 36),
1154 986 1278 1037 Phil„
1312 986 1437 1029 Dion.
1483 985 1654 1039 Chrys.;
1702 984 1882 1026 verbum

192 1059 506 1120 ·na23cpnpatsw
540 1059 675 1101 semel
708 1059 749 1100 iu
777 1059 954 1113 papyris
972 1060 1018 1113 1).

300 1140 303 1144 '
345 1134 731 1193 ἀφιλοχρηματία
763 1137 831 1191 (V,
858 1137 919 1192 2),
948 1150 1035 1179 non
1063 1140 1164 1179 ante
1192 1136 1319 1189 Plut.,
1348 1136 1419 1190 qui
1447 1123 1659 1178 eiusmodi
1687 1135 1884 1177 fictiones

200 1206 244 1250 in
266 1207 430 1268 deliciis
462 1208 667 1251 habuisse
706 1208 877 1251 videtur
912 1208 1280 1264 (ἀφιλάνθρωπος,
1318 1209 1558 1262 ἀφίλαυτος,
1604 1207 1877 1262 ἀφιλόκαλος,

201 1279 468 1334 ἀφιλόλογος,
531 1281 844 1333 ἀφιλοπλουτία,
909 1281 1186 1335 ἀφιλόσοφος,
1245 1281 1562 1335 ἅφιλόστοργος,
1623 1279 1882 1334 ἀφιλότιμος,

205 1351 562 1407 ἀφιλοχρηματία)
581 1350 627 1407 2).
714 1361 717 1363 ’

187 1429 190 1433 ’
322 1427 726 1486 ἀντικατάλλαγμα
769 1429 856 1484 (VI,
884 1430 968 1485 10),
1007 1430 1286 1484 permutatio.
1352 1430 1444 1472 Hoc
1478 1430 1571 1472 loco
1605 1432 1648 1472 et
1680 1443 1752 1483 ap.
1787 1429 1884 1471 Fla-

207 1500 333 1547 vium'
370 1501 623 1555 Josephum.
675 1501 833 1558 [Plut.:
868 1502 1209 1556 ἅντικαταλλαγὴ,
1254 1502 1375 1554 Diog.
1399 1502 1467 1544 L.:
1511 1500 1884 1557 ἀντικατάλλαξις.]

190 1572 397 1616 'Verbum
431 1587 536 1617 vero
569 1574 989 1629 ἀντικαταλλάττομαι
1023 1574 1109 1617 iam
1143 1575 1258 1628 apud
1295 1576 1492 1618 oratores
1526 1574 1696 1616 Atticos
1729 1573 1879 1629 (Isocr.

205 1646 251 1698 5,
279 1645 382 1696 135;
417 1646 588 1698 6,109;
622 1645 719 1688 Din.
751 1646 788 1697 1,
817 1647 864 1699 33
899 1646 997 1701 Lyc.
1026 1646 1117 1701 88).

348 1726 570 1781 ἀτόπημα
616 1724 707 1778 (ΙΧ,
750 1725 807 1775 3),
858 1724 1084 1777 flagitium,
1132 1725 1310 1766 facinus.
1374 1724 1471 1766 Non
1518 1724 1598 1766 nisi
1640 1738 1710 1778 ap.
1759 1724 1882 1766 Diod.

205 1795 326 1852 (ΕΜ.
349 1791 437 1840 vat.
458 1809 500 1850 p.
530 1796 621 1851 86),
654 1796 772 1839 Sext.
807 1797 930 1850 Emp.
965 1796 1081 1851 (adv.
1108 1809 1293 1849 gramm.
1322 1796 1410 1851 80).

350 1872 640 1929 θαυμασμός
660 1874 789 1928 (XIV,
818 1875 877 1929 9),
905 1875 1158 1923 admiratio;
1183 1875 1368 1928 primun]
1393 1888 1460 1928 ap.
1490 1875 1650 1917 Heron.
1675 1874 1882 1918 mathem.
1923 1867 1927 1872 ⁵

188 1931 340 2000 ‘uo-'2-
368 1946 426 1987 20
451 1945 519 1987 ed.
547 1945 778 2000 Schmidt),
803 1946 959 1988 deinde
991 1960 1061 1999 ap.
1107 1946 1234 1988 Dium
1270 1946 1408 2000 (stob.
1444 1947 1536 1989 flor.
1571 1948 1642 1998 65,
1676 1946 1760 2001 16),
1791 1949 1882 1989 tum

202 2029 274 2071 ap.
306 2016 421 2060 Plut.
457 2021 500 2060 et
532 2019 650 2060 Sext.
683 2018 806 2072 Emp.
841 2018 958 2073 (adv.
993 2018 1201 2061 mathem.
1230 2019 1270 2068 9,
1304 2019 1388 2072 17).

349 2088 593 2146 «svmmvm
613 2090 783 2144 (XV111‚
817 2090 871 2145 1),
896 2103 982 2132 non
1006 2093 1108 2133 ante
1136 2090 1404 2144 Apollodor.,
1426 2091 1500 2144 qui
1522 2094 1724 2140 vocatur;
1755 2093 1887 2145 θύτης

195 2173 290 2215 ,non
325 2164 427 2205 ante
461 2163 574 2216 App.
603 2162 747 2216 (Hipp.
776 2175 812 2205 c.
841 2163 915 2217 85)
951 2166 993 2205 et
1026 2162 1261 2205 Herodian.
1296 2164 1322 2204 4
1356 2163 1445 2217 (12,
1468 2162 1525 2217 6).

347 2241 663 2295 ἀπεικόνισμα
685 2239 813 2295 (ΧΧ),
835 2240 1130 2291 adumbratio,
1158 2241 1314 2294 imago.
1353 2240 1547 2282 Primum
1570 2255 1641 2295 ap.
1674 2241 1886 2296 1³}1i1.‚qui

203 2311 356 2355 crebro
388 2310 601 2354 adhibuit.
667 2312 773 2353 Eum
817 2315 1061 2365 sequuntur
1102 2315 1212 2366 patr.
1257 2313 1357 2355 eccl.
1407 2313 1593 2354 Verbum
1629 2314 1885 2362 ἀπεικονίζω

192 2370 289 2426 ‘iam
330 2382 507 2436 Meleag.
549 2383 618 2439 (A.
649 2384 694 2427 P.
734 2385 800 2435 12,
838 2385 908 2435 64,
946 2386 971 2426 5
1006 2387 1048 2426 et
1087 2385 1182 2435 127,
1217 2385 1276 2439 s),
1318 2384 1440 2426 Philo
1476 2386 1662 2441 saepius.
1728 2384 1883 2441 [Plat.:

203 2454 444 2508 ᾶπείκασμα
467 2456 510 2498 et
542 2456 760 2497 ἀπεικασία
771 2455 802 2511 l

346 2535 573 2589 προκοπή
619 2533 808 2587 (XXVII,
842 2534 895 2587 1),
941 2547 1209 2586 progressus,
1252 2547 1491 2577 successus.
1564 2535 1687 2586 Plut.,
1740 2535 1882 2587 Diod„

203 2602 307 2653 Jos.,
339 2603 467 2654 Plut.,
501 2604 586 2647 alii.
651 2604 921 2659 Phrynichus
964 2604 1075 2647 hanc
1117 2619 1263 2647 vocem
1305 2606 1464 2655 reiecit,
1510 2606 1628 2659 quod
1661 2610 1883 2649 auctorem

205 2674 410 2733 Atticum?
432 2688 518 2717 non
561 2675 760 2719 haberet:
801 2677 1058 2729 προκόπτειν
1099 2677 1301 2730 λέγουσιν,
1341 2679 1385 2719 τὸ
1425 2679 1470 2719 δὲ
1512 2679 1650 2731 ὄνομα
1682 2679 1883 2732 προκοπὴ

206 2746 287 2788 οὐκ
320 2747 428 2788 ἔστιν
457 2749 554 2800 παρ’
592 2748 744 2793 αὐτοῖς.
809 2748 931 2802 (Lob.
955 2761 995 2801 p.
1025 2747 1114 2802 85.)

346 2821 632 2880 βαυκάλημα
674 2823 863 2879 (XXVII,
902 2824 959 2878 2²),
1005 2826 1158 2866 cautus
1200 2826 1431 2867 nutricum.
1505 2825 1598 2867 Hoc
1641 2825 1734 2868 loco
1778 2826 1884 2868 solo.

206 2893 396 2936 Verbum
427 2883 663 2949 βάυκαλάω
695 2908 784 2937 non
816 2898 918 2938 ante
946 2895 1112 2938 Aelian.
1156 2895 1222 2947 (N.
1251 2897 1303 2938 A.
1338 2898 1403 2948 14,
1426 2897 1499 2950 20)
1535 2899 1577 2939 et
1609 2897 1708 2939 Luc.

353 3064 378 3106 ¹)
405 3066 561 3106 Mayser,
588 3067 750 3099 Graium.
780 3067 846 3099 der
871 3067 1008 3107 griech.
1037 3067 1189 3108 Papyri,
1216 3077 1250 3107 p.
1274 3069 1352 3099 460.

349 3123 378 3165 2)
407 3125 501 3158 Plut.
529 3135 648 3166 comp.
678 3126 784 3167 Agid.
811 3130 846 3159 ct
873 3126 1008 3159 Cleom.
1038 3136 1119 3159 cum
1149 3127 1302 3159 Gracch.
1331 3137 1359 3159 c.
1384 3129 1413 3159 1.
