2254 3496
1132 242 1180 281 12

466 353 537 395 Vl.
579 353 673 393 Τοῖν
704 352 782 405 μὲν
815 353 948 400 ξένοιν
981 353 1246 406 ἐπεμελήθην
1278 354 1339 399 ὡς
1368 354 1619 406 παρεκάλεις
1655 353 1726 394 καὶ
1758 352 1828 394 τὸν
1854 353 1898 394 ἕν
1929 357 1989 405 τῷ

325 425 450 477 δήμῳ
482 423 840 476 συναγορεύσοντα
861 423 1001 463 αὐτοῖν
1022 423 1322 476 ἐπεσκεψάμην
1347 427 1430 464 τῶν
1451 424 1666 477 ἡμετέρων
1687 423 1773 464 τινὰ
1794 423 1989 476 ἑταίρων,

324 495 371 539 ὃς
390 494 652 547 ’ὗπερετήσειν
677 494 757 547 ἔφη
779 493 1105 545 προθυμότερον
1126 493 1191 534 διὰ
1211 493 1257 534 τὸ
1277 494 1347 534 καὶ
1367 494 1431 534 σοὶ
1458 495 1702 548 χαρίζεσθαι
1723 493 1880 535 ἐθέλειν
1908 491 1989 548 (1).

324 564 547 617 Χρυσίον
586 564 676 617 μὲν
717 564 774 604 οὗ
817 563 1114 617 καταλείψω)
1162 568 1262 609 τοῖς
1307 565 1525 618 ἐμαυτοῦ
1565 564 1753 614 παισὶν,
1799 567 1882 605 τοῦ
1932 564 1984 606 δὲ

324 640 514 690 χρυσοῦ
548 639 708 688 κτῆμα
743 635 1031 688 τιμιώτερον
1063 635 1241 688 φίλους
1267 635 1518 686 ἐπιεικεῖς,
1546 636 1632 680 οὓς
1657 635 1990 688 φυλάττοντες

325 706 413 759 μὲν
452 705 666 751 οὐδενὸς
714 706 1134 758 ἕλλειφθήσονται
1173 708 1268 746 τῶν
1299 705 1611 758 ἀναγκαίων,
1644 709 1815 751 κακῶς
1847 705 1899 746 δὲ
1935 705 1989 746 τὰ

324 777 435 830 περὶ
467 777 579 822 τοὺς
620 777 797 830 φίλους
836 776 1271 829 μεταχειρίσαντες
1318 775 1553 829 εὔδηλον,
1593 776 1660 821 ὡς
1697 776 1749 817 τά
1788 792 1839 830 γε
1870 777 1991 830 χρή-

325 864 452 900 ματα
484 848 610 889 πολύ
649 848 828 888 κάκιον
868 847 1215 900 διοικήσουσιν
1248 847 1320 898 (8).
1388 846 1572 899 Πρῶτον
1610 847 1688 900 μὲν
1727 848 1861 888 ἐκεῖνο
1893 847 1991 900 ε’ρῶ,

330 921 390 960 ὅτι
425 920 476 960 οὗ
508 920 658 964 πάντες
690 919 915 971 ἅνθρωποι
948 918 1109 970 ὁμοίως
1129 919 1294 971 ἔχουσιν
1319 917 1426 970 πρὸς
1458 917 1553 963 τοὺς
1584 918 1731 970 φίλους
1762 917 1837 972 (9).
1881 917 1994 959 Ουδὲ

331 990 518 1045 μισθοὺς
550 991 855 1043 εἷσπράττομαι,
901 990 961 1030 ὅτι
1007 989 1131 1030 οὐδὲν
1163 990 1248 1042 ἔχω
1292 990 1454 1041 πρέπον
1491 989 1846 1042 ἀντικατάλλαγμα
1877 989 1995 1042 φιλο-

326 1063 478 1116 σοφίας
510 1061 610 1102 ὂίλλο
641 1061 748 1114 πλὴν
781 1061 918 1113 φιλίαν
951 1058 1056 1114 (10).

467 1132 553 1175 VII.
590 1133 792 1174 Socrates
826 1131 950 1173 timet
984 1131 1048 1183 iis,
1081 1131 1153 1184 qui
1180 1131 1355 1173 Thebas
1387 1130 1600 1183 fugerunt.
1654 1129 1760 1183 Περὶ
1792 1130 1837 1171 δὲ
1867 1130 1992 1183 ὑμῶν

326 1206 366 1246 οἳ
387 1205 592 1257 παρόντες
625 1204 864 1257 διήγγελλον
896 1203 1001 1244 κατὰ
1041 1204 1215 1257 γνώμην
1253 1203 1348 1256 ἄχρι
1380 1206 1454 1243 νῦν
1486 1193 1639 1256 χωρεῖν
1678 1201 1724 1242 τὰ
1756 1202 1992 1254 πράγματα.

470 1272 580 1316 Vllb.
613 1274 833 1317 Critonem
866 1274 977 1316 adeo
1010 1273 1183 1325 diligere
1216 1273 1483 1326 magistrum,
1517 1274 1564 1314 ut
1596 1274 1689 1314 oret
1709 1274 1751 1314 et
1777 1272 1989 1323 obsecret,

325 1348 374 1388 ut
405 1358 576 1388 carcere
609 1345 798 1397 effugiat.
898 1336 907 1344 ’

473 1416 580 1458 VIII.
627 1415 851 1469 Optimum
885 1417 950 1456 est
977 1427 1104 1468 quam
1133 1413 1456 1467 potentissimos
1478 1412 1640 1454 amicos
1665 1412 1840 1454 habere.
1879 1413 1992 1455 Con·
2015 1443 2021 1446 -

327 1487 600 1530 suetudinem
649 1489 931 1541 tyrannorum
973 1499 1022 1528 ea
1061 1486 1114 1527 de
1156 1498 1287 1528 causa
1328 1498 1414 1527 non
1456 1483 1689 1538 petendam
1732 1497 1839 1536 esse,
1873 1483 1990 1537 quod

326 1571 550 1612 nunquam
585 1558 712 1599 amici
745 1557 876 1599 futuri
910 1557 1009 1598 sint.

473 1629 542 1672 ix.
583 1629 828 1682 Aristippus
855 1628 1006 1671 iaudat
1032 1627 1386 1669 Anthisthenem:
1420 1626 1465 1668 εὖ
1498 1626 1574 1667 οὖν
1597 1630 1727 1672 ποιεῖς
1748 1613 1995 1680 ἀχθόμενος

332 1701 397 1742 ἐπὶ
430 1706 479 1753 τᾷ
511 1701 819 1753 κακοδαιμονίᾳ
852 1703 935 1740 τῶν
956 1699 1105 1740 ἄλλων.
1150 1698 1285 1751 Κάγὼ
1314 1698 1358 1739 δὲ
1391 1698 1455 1739 ἐπὶ
1488 1703 1536 1751 τᾷ
1566 1703 1619 1751 σᾷ
1650 1697 1870 1751 εὖδαιμοίᾳ
1889 1697 1992 1738 ἅδο-

327 1788 403 1825 μαι
425 1771 500 1827 (2).
566 1771 740 1824 Πέμψω
775 1771 820 1812 δέ
852 1787 916 1812 σοι
955 1774 1037 1811 τῶν
1075 1771 1252 1822 θέρμων
1289 1769 1372 1814 τὼς
1409 1769 1605 1822 μεγάλως
1641 1784 1682 1809 τε
1713 1768 1783 1809 καὶ
1818 1768 1994 1814 λευκὼς,

329 1843 376 1884 ἵν’
412 1844 511 1897 ἔχῃς
531 1876 538 1883 .
567 1876 574 1883 .
598 1875 604 1883 .
627 1875 634 1883 .
656 1843 914 1895 ὑποτραγεῖν.

470 1914 521 1955 Χ.
568 1913 804 1955 Aeschines
837 1915 932 1954 orat
966 1912 1248 1965 Aristippum,
1282 1913 1329 1952 ut
1371 1923 1454 1952 una
1493 1923 1590 1952 cum
1623 1909 1804 1951 Platone
1835 1923 1861 1952 a
1894 1909 1997 1952 Dio-

329 1986 452 2040 nysio
492 1985 706 2038 impetret,
745 1986 793 2026 ut
833 1984 1009 2025 iuvenes
1053 1983 1230 2036 quidam
1271 1983 1506 2024 Locrenses
1551 1981 1798 2023 liberentur.
1859 1980 1995 2023 Οἶσθα

333 2057 379 2098 δὲ
411 2056 483 2110 τὴν
514 2056 622 2109 πρὸς
653 2056 805 2101 αὐτούς
835 2071 908 2108 μοι
939 2056 1149 2107 ἑταιρείαν.

472 2127 542 2168 XI.
587 2127 833 2180 Aristippus
853 2125 1087 2180 respondet
1113 2125 1208 2166 illos
1235 2125 1425 2175 iuvenes,
1462 2137 1558 2166 cum
1592 2123 1677 2165 sint
1708 2122 1848 2175 amici,
1876 2122 1995 2165 brevi

330 2199 560 2241 liberatum
594 2198 658 2239 iri.

474 2270 583 2311 XIV.
629 2269 806 2320 Quanta
841 2268 1156 2310 necessitudine
1189 2266 1399 2320 discipuli,
1432 2266 1505 2319 qui
1544 2265 1669 2307 amici
1708 2264 1995 2318 appellantur,

331 2353 427 2381 cum
461 2340 642 2382 Socrate
675 2339 881 2391 magistro
914 2338 1127 2380 coniuncti
1161 2338 1258 2389 sint,
1293 2336 1550 2379 describitur
1583 2335 1657 2389 (9).

475 2411 565 2453 XV.
610 2411 678 2452 Εἴ
709 2427 793 2451 του
837 2411 1028 2451 δέοιντο
1061 2411 1101 2450 οἱ
1131 2409 1393 2461 Σωκράτους
1429 2409 1592 2459 ἑταῖροι,
1632 2405 1694 2448 ὧν
1731 2407 1995 2460 ἐπέμψαμεν,

333 2483 580 2537 σημαίνετόν
612 2493 702 2534 μοι·
726 2482 1063 2534 ε’πικουρήσομεν
1089 2480 1168 2533 γὰρ
1201 2479 1340 2533 ἐπειδὴ
1375 2482 1494 2520 τοῦτο
1520 2477 1650 2519 καλὸν
1682 2477 1751 2518 καὶ
1771 2477 1998 2530 ἀναγκαῖόν

333 2556 438 2596 ἐστιν
470 2553 545 2608 (2).
598 2554 684 2594 Καί
719 2569 829 2606 φημι
869 2552 914 2593 δὲ
952 2552 1164 2604 ἀδικήσειν
1203 2551 1274 2604 τὴν
1305 2549 1451 2603 κοινὴν
1490 2549 1689 2601 ἑταιρείαν
1717 2581 1724 2588 .
1753 2580 1762 2589 .
1793 2580 1801 2588 .
1831 2580 1839 2588 .
1871 2548 1909 2588 εἰ
1935 2547 1994 2601 μὴ

334 2627 507 2677 ἄσμενοι
539 2622 809 2679 [ἀπολογίαν]
844 2624 1082 2676 γράψαιμεν
1115 2622 1190 2675 (2).

477 2695 585 2738 XVI.
626 2695 736 2748 IIaQ’
772 2696 882 2747 ὑμᾶς
913 2693 1155 2747 ἀφιξόμεθα
1194 2692 1276 2739 καὶ,
1316 2693 1356 2733 εἴ
1386 2708 1419 2732 τι
1451 2692 1601 2745 ἔχομες
1637 2690 1796 2744 βέλτιον
1832 2689 1996 2735 ποιέειν,

333 2768 574 2820 ποιήσομες.

476 2835 605 2877 XVII.
650 2835 862 2887 Legimus,
891 2836 1054 2888 quanto
1075 2846 1224 2876 amore
1244 2832 1371 2874 fuerit
1391 2831 1644 2874 adulescens
1664 2829 1842 2883 quidam
1863 2825 2002 2870 Lace?

336 2907 591 2950 daemonius
624 2919 724 2959 erga
758 2906 982 2947 Socratem
1017 2905 1093 2958 (3).

477 2977 627 3018 XVIII.
660 2975 904 3029 Xenophon
937 2975 1090 3016 invitat
1115 2974 1277 3016 amicos
1304 2986 1417 3015 suos.
1463 2972 1510 3015 Si
1537 2971 1625 3013 fieri
1659 2972 1819 3024 posset,
1846 2982 1996 3011 omnes

337 3048 545 3090 venirent.
586 3047 684 3088 Illos
716 3046 943 3088 artissimis
968 3045 1188 3089 amicitiae
1214 3043 1392 3085 vinculis
1419 3043 1528 3084 inter
1559 3055 1604 3084 se
1626 3041 1878 3084 coniunctos
1902 3052 1996 3081 esse

337 3132 387 3161 ex
421 3131 471 3161 eo
505 3118 656 3169 elucet,
690 3116 806 3170 quod
833 3117 1033 3158 συνθύται
1064 3115 1351 3169 appellantur.
