2254 3496
978 171 1028 209 63

161 277 305 331 Quam
339 279 701 323 consuetudinem
735 282 948 323 sermonis
981 281 1186 324 cotidiani
1231 281 1362 324 etiam
1407 283 1517 324 alios
1559 283 1846 326 recentiorum

160 350 280 394 velut
326 350 542 406 Polyb.¹)‚
589 353 745 407 JOS.'-')‚
797 354 1055 407 scriptorum
1092 354 1298 396 librorum
1339 355 1631 410 sacrorumss),
1677 359 1850 398 secutos

163 434 259 465 esse
289 422 462 464 scimus.

653 501 690 538 4.
720 499 777 539 De
808 500 1083 540 concinnitate
1111 501 1354 552 interrupta.

304 564 446 619 Saepe
491 565 677 607 duorum
720 566 1092 609 substantivorum
1137 567 1321 610 alterum
1366 581 1443 622 per
1489 569 1701 610 ambitum
1747 570 1845 611 novi

161 635 377 679 enuntiati
404 640 632 690 exceptum
662 651 756 679 esse
782 637 992 688 videmus,
1026 638 1143 692 quod
1179 638 1326 692 incipit
1352 640 1657 681 coniunctione
1691 641 1747 680 ὑή
1778 646 1843 687 vel

163 707 423 761 pronomine
444 707 638 751 relativo,
680 709 798 751 Haec
833 709 1158 751 circumlocutio
1191 723 1287 752 cum
1323 710 1493 752 dicendi
1521 723 1679 763 genere
1699 714 1845 765 poste-

165 777 330 820 riorum
370 778 648 833 scriptorum,
702 783 748 821 ut
803 781 1031 835 Aristidst)
1073 784 1114 823 et
1148 781 1348 824 Pliilostr.
1374 781 1408 836 ³)
1455 783 1665 835 congruit.
1731 783 1847 825 Licet

168 851 378 894 nonnulla
410 852 609 906 exempla
643 852 819 895 afferre:
858 852 1025 895 Πολλὰ
1058 854 1103 894 δὲ
1135 854 1300 900 πολλοῖς
1339 857 1423 894 τῶν
1459 859 1648 909 ποιητῶν
1681 857 1837 909 εἴρηται.

162 922 235 964 καὶ
266 923 338 964 ὅτι
369 956 378 965 .
403 955 411 964 .
433 956 441 963 .
476 922 525 977 (Ι,
554 923 613 978 8),
659 925 928 977 ἐταράττοντο
974 925 1019 966 δὲ
1060 925 1130 965 καὶ
1163 929 1246 970 τοῖς
1283 925 1423 978 λόγοις
1467 926 1626 971 τούτοις
1670 927 1741 967 καὶ
1783 927 1844 968 ὅτι

160 994 334 1049 ἤγγελτο
367 993 474 1046 (VII,
496 995 555 1048 3),
588 995 714 1054 οἶσθα
748 996 820 1049 τὴν
856 997 1058 1049 ἑταιρείαν
1089 997 1160 1037 καὶ
1192 997 1251 1038 ὅτι
1286 996 1374 1052 (Χ),
1415 998 1637 1051 ἐμάθομεν
1670 998 1716 1039 τοὶ
1751 999 1846 1052 περὶ

164 1069 238 1112 τᾶς
269 1065 456 1112 τελευτῆς
488 1067 559 1107 καὶ
591 1067 650 1107 ὅτι
673 1100 682 1109 .
706 1101 714 1108 .
738 1101 745 1108 .
770 1066 918 1122 (XVI),
950 1069 1137 1121 ᾔσθοντο
1171 1072 1290 1109 τοῦτο
1311 1069 1382 1109 καὶ
1402 1069 1462 1109 ὅτι
1485 1068 1614 1123 (XVI,
1637 1069 1698 1123 4),
1720 1070 1847 1115 εἰδὼς

159 1137 282 1184 ὅπως
312 1137 418 1192 εἶχες
449 1138 522 1180 καὶ
541 1139 599 1179 ὅτι
634 1138 782 1193 (XVII,
814 1139 870 1193 1),
892 1139 959 1180 διὰ
986 1140 1059 1193 τὴν
1085 1141 1313 1194 συνήθειαν
1335 1174 1342 1181 .
1366 1174 1374 1182 .
1400 1174 1407 1181 .
1428 1141 1499 1182 καὶ
1520 1141 1623 1182 διότι
1655 1141 1844 1196 (XXVI),

161 1209 290 1264 ᾤμην
323 1209 408 1251 δεῖν
440 1210 601 1263 γράψαι
643 1214 738 1256 πῶς
777 1212 1038 1264 διακείμενος
1078 1212 1272 1266 τυγχάνω
1305 1212 1375 1252 καὶ
1415 1212 1515 1253 διότι
1556 1212 1748 1266 (XXXII,
1786 1213 1842 1266 1),

161 1280 230 1322 διὰ
249 1281 384 1322 πολλὰ
405 1281 475 1322 καὶ
493 1282 594 1322 διότι
622 1281 774 1336 (ΧΧΧ,
803 1281 859 1336 1),
879 1282 994 1335 οἶμαι
1027 1282 1218 1336 φανερὰν
1238 1282 1338 1324 εἶναι
1359 1284 1434 1324 παὶ
1460 1284 1520 1324 ὅτι
1541 1283 1753 1340 (XXXIV,
1780 1285 1834 1340 1),

161 1351 255 1405 ὁρῶ
287 1351 360 1398 τὰς
396 1354 722 1406 φρονιμωτάτας
766 1354 999 1407 συμβούλῳ
1038 1355 1264 1408 χρωμένας
1294 1388 1302 1396 .
1326 1388 1334 1395 .
1363 1355 1462 1396 .καὶ
1495 1356 1589 1396 ὅσαι
1630 1357 1682 1396 ἄν
1713 1357 1841 1409 πράτ-

162 1439 289 1466 τωσιν
316 1457 326 1466 .
351 1458 361 1467 .
387 1457 397 1467 .
418 1423 546 1479 (Ῑ,8),
578 1425 672 1478 περὶ
706 1425 752 1466 δὲ
790 1430 862 1466 τοῦ
895 1430 1190 1480 χρηματισμοῦ
1229 1427 1298 1467 καὶ
1336 1428 1429 1480 περὶ
1464 1426 1526 1468 ὧν
1563 1430 1842 1482 προσπαίζων

147 1495 345 1549 ἔγραφες
365 1494 455 1550 (VI,
483 1494 533 1550 Ι),
567 1497 617 1536 οὗ
651 1496 722 1541 τοὶς
754 1500 838 1537 τῶν
871 1498 1044 1544 ζώντων
1075 1497 1210 1550 μόνον
1245 1498 1412 1551 δωρεὰς
1444 1502 1528 1539 τῶν
1560 1499 1710 1553 φίλων,
1739 1500 1841 1541 ἀλλὰ

161 1566 232 1608 καὶ
263 1567 366 1612 ὅσας
398 1568 450 1608 ἂν
482 1567 749 1611 τελευτῶντές
781 1584 853 1621 μοι
886 1568 1067 1621 ἀφῶσιν,
1100 1573 1385 1622 παραιτοῦμαι
1420 1569 1508 1624 (VI,
1543 1570 1592 1624 l).

702 1674 739 1712 5.
768 1673 825 1712 Dc
854 1673 1086 1724 periphrasi
1114 1673 1315 1724 loquendi.

305 1755 530 1800 Permulta
572 1757 772 1810 exempla
813 1757 968 1808 inveni,
1010 1771 1124 1811 quae
1168 1758 1474 1801 demonstrant
1520 1773 1609 1810 ρος,
1653 1760 1725 1814 qui
1767 1761 1844 1802 lias

162 1826 373 1882 epistulas
405 1828 670 1882 scripserint,
717 1828 757 1870 in
796 1828 956 1870 deliciis
999 1829 1203 1871 habuisse
1246 1830 1378 1873 verba
1420 1831 1632 1884 simplicia
1673 1832 1845 1873 (luobus

161 1898 258 1941 aliis
291 1900 546 1954 exprimere,
581 1901 652 1954 qui
690 1913 792 1942 usus
825 1901 1113 1943 recentiorum
1149 1902 1350 1956 proprius
1384 1905 1447 1944 est
1465 1903 1512 1956 ⁴³).

302 1970 553 2014 ποιεῖσθαι
585 1972 652 2013 vel
694 1978 870 2015 ποιεῖν;
911 1973 1096 2014 κοινωὸν
1134 1975 1346 2015 ποιεῖσθαι
1386 1974 1493 2029 (Vll,
1529 1975 1587 2029 2),
1633 1977 1845 2022 θανάτους

161 2043 359 2097 ἀκρίτους
389 2045 600 2085 ποιεῖσθαι
635 2043 713 2098 (3),
747 2045 978 2097 ’θεραπείαν
1010 2046 1267 2099 ποιούμενος
1301 2045 1379 2100 (5),
1406 2045 1500 2101 [τὰν
1534 2046 1700 2102 τέχναν]
1733 2049 1842 2089 ’θαυ-

158 2115 316 2168 μασίαν
352 2119 464 2157 ποιῶ
511 2115 641 2170 (ΧΙΙΙ,
675 2116 734 2171 2),
779 2117 989 2171 κωλύμην
1026 2119 1285 2172 ποιήσασθαι
1325 2118 1454 2173 (XIV,
1493 2119 1548 2174 1),
1597 2120 1691 2165 δέος
1730 2121 1842 2161 ἕποι-

161 2189 287 2228 οῦντο
309 2185 388 2242 (4),
419 2187 625 2240 πρόνοιαν
656 2189 915 2242 ποιήσασθαι
937 2188 1044 2242 (10),
1074 2188 1210 2229 δεινὸν
1229 2191 1439 2231 ποιεῖσθαι
1461 2189 1589 2244 (XV),
1613 2191 1845 2244 δι’ἔρωτως

91 2290 93 2292 -
158 2259 369 2300 ποιεῖσθαι
416 2257 566 2313 (XVII,
592 2258 653 2314 4⁴),
714 2260 851 2313 ἀρχὴν
896 2262 1151 2313 ποιούμενος
1197 2260 1366 2315 (XXV),
1418 2263 1599 2315 σπουδὴι
1632 2265 1842 2304 ποιεῖσθαι

162 2328 333 2384 (XXV),
366 2330 557 2384 φανερὰν
576 2336 747 2385 ποιῆσαι
775 2331 926 2386 (ΧΧΧ,
955 2332 1014 2386 2),
1048 2333 1283 2386 {funestatur
1308 2335 1518 2375 ποιεῖσθαι
1549 2334 1760 2388 (XXXIV,
1788 2335 1841 2389 1),

303 2398 446 2443 εἷναιτ
491 2402 789 2456 παλιμπράτην
821 2403 921 2444 εἶναι
949 2403 998 2458 (Ι,
1025 2402 1080 2458 1),
1120 2403 1220 2445 εἶναι
1256 2405 1483 2458 πρόσθεμα
1517 2406 1585 2457 καὶ
1613 2406 1844 2459 παράσιτον

160 2471 295 2528 (Ῑ,4·),
338 2473 480 2526 ἕτερον
519 2473 620 2515 εἶναι
653 2473 783 2528 (XIV,
818 2475 877 2529 8),
919 2474 963 2530 [ἡ
1003 2474 1212 2531 στρατεία]
1246 2475 1297 2530 ἦν
1330 2477 1535 2529 ἐμπόδιον
1569 2477 1678 2532 (10),
1721 2479 1842 2532 Ιὓπερ-

160 2544 309 2599 οπτικὴ
343 2543 450 2586 οὖσα
484 2545 656 2600 (ΧΧΙΧ,
679 2545 737 2601 2),
761 2549 974 2597 κατήκοον
1007 2547 1106 2588 εἶναι
1130 2552 1200 2588 τοῦ
1230 2549 1419 2602 ἀδελφοῦ
1448 2549 1620 2603 (XXXI.
1660 2549 1842 2603 1)προσ-

159 2619 265 2670 ῆκον
305 2615 407 2658 εἶναι
447 2615 641 2672 (ΧΧΧΙΙ,
671 2617 730 2673 Ξ),
760 2619 958 2672 «ι’-πιμελὴς
1003 2619 1102 2660 εἶναι
1144 2618 1224 2675 (3),
1270 2621 1463 2674 ἀξιήκοος
1503 2621 1603 2662 εἶναι
1650 2621 1843 2677 (XXXV,

160 2686 372 2743 XXXVI).

305 2827 331 2869 ¹)
358 2829 531 2872 Kaelker,
556 2829 796 2867 Quaestiones
823 2831 868 2863 de
892 2831 1101 2864 elocutione
1127 2832 1270 2875 Polyb„
1298 2842 1332 2874 p.
1354 2834 1462 2867 2818.

304 2885 332 2928 ²)
358 2887 536 2930 Schmidt,
562 2898 598 2929 p.
621 2891 700 2922 435.

305 2945 331 2988 ²¹)
347 2947 487 2990 Winer,
500 2948 664 2982 Gramm.
675 2950 738 2981 des
752 2951 1045 2983 neutestamentl.
1061 2949 1375 2994 Sprachidioms⁶‚
1390 2954 1411 2994 ξ
1428 2954 1483 2995 30,
1501 2954 1554 2986 10.
1570 2953 1655 2986 adn.
1672 2963 1707 2995 p.
1720 2955 1798 2997 195,
1809 2955 1840 2988 7.

303 3005 332 3048 ⁴)
358 3007 523 3050 Schmid,
550 3009 599 3051 ΙΙ,
627 3019 663 3050 p.
685 3011 764 3042 306.
913 3009 940 3051 ⁵)
968 3011 1083 3053 Idem,
1111 3012 1173 3053 IV,
1201 3021 1236 3053 p.
1260 3014 1338 3045 524.

303 3065 331 3107 ὕ)
359 3067 522 3109 Schmid,
550 3069 599 3110 ΙΙ,
627 3079 660 3109 p.
687 3071 772 3109 1153
803 3070 980 3111 Schmidt,
1010 3080 1042 3110 p.
1067 3072 1133 3102 396
1148 3080 1187 3111 s.‚
1215 3072 1278 3111 qui
1308 3071 1400 3103 alios
1426 3071 1543 3103 libros
1570 3072 1687 3106 affert.
