2254 3496
366 343 477 382 runt.
527 340 573 381 Id
595 340 789 381 rhetores
811 339 960 381 secisse
983 340 1136 381 mirum
1164 353 1248 381 non
1271 342 1348 391 est,
1370 352 1467 381 cum
1496 340 1581 383 iam
1612 343 1807 384 oratores
1828 342 2022 396 priorum

365 415 606 464 temporum
635 411 853 452 orationes
875 413 1007 464 atque
1028 411 1233 464 epistulas
1255 411 1408 454 eadem
1440 411 1610 454 ratione
1639 414 1957 466 pertractarent
1975 413 2021 468 1),

367 483 583 536 Epistulae
615 482 674 523 ad
707 482 1027 535 philosophiam
1060 485 1306 536 spectantes
1338 482 1418 524 illis
1450 483 1718 536 temporibus
1755 483 2024 538 philosophis

365 555 428 595 vel
463 553 666 607 sophistis
698 554 848 596 eadem
883 554 977 607 ipsa
1008 554 1062 596 de
1093 567 1225 596 causa
1256 554 1526 606 gratissimae
1560 557 1696 606 erant,
1729 558 1777 597 ut
1809 555 1863 598 de
1894 556 2023 599 rebus

365 625 663 678 philosophiae
705 625 953 678 opinionem
992 626 1299 679 profiterentur
1331 628 1373 668 et
1404 626 1662 668 adversariis
1695 626 2021 680 responderent.

366 698 422 737 At
455 696 510 737 illi
544 696 752 747 rhetores,
786 697 859 750 qui
892 697 931 738 in
960 697 1116 739 scholis
1149 697 1394 739 hominibus
1421 697 1654 740 illustribus
1691 698 2023 752 praeteritorum

366 770 610 820 temporum
645 767 851 821 epistulas
877 769 1196 821 supponebant,
1229 768 1336 810 alios
1358 768 1502 811 fallere
1528 769 1735 812 nolebant
1758 782 1898 823 neque
1927 769 2022 821 nisi,

368 843 414 880 ut
445 852 576 892 supra
599 839 698 889 dixi,
727 839 1044 881 exercitationis
1071 852 1202 882 causa
1228 839 1444 881 faciebant
1520 839 1716 891 Quarum
1744 840 2023 894 epistularum

368 911 601 953 maximam
635 911 801 963 partem
836 911 1081 964 ethopoiiae
1113 911 1179 952 vel
1217 911 1550 964 prosopopoiiae
1567 911 1614 963 2),
1653 925 1764 965 quae
1802 914 2024 962 vocantur,
2055 939 2057 942 -

367 983 528 1024 habent
559 984 690 1034 atque
723 982 826 1023 illud
864 984 1040 1034 πρέπον,
1079 982 1194 1035 quod
1234 982 1537 1035 postulabatur
1574 982 1616 1024 in
1654 983 2024 1033 declinationibus,

367 1053 530 1106 optime
575 1052 769 1095 adhiberi
812 1055 997 1107 poterat,
1044 1067 1140 1095 cum
1195 1054 1463 1107 propositum
1506 1057 1618 1095 esset
1655 1068 1681 1096 a
1718 1054 1940 1106 magistro,
1978 1056 2026 1096 ut

367 1125 474 1166 tales
507 1124 716 1178 epistulae
755 1128 1132 1178 componerentur,
1173 1125 1322 1179 quales
1361 1125 1463 1167 clari
1503 1125 1579 1180 viri
1618 1127 1734 1168 certa
1773 1125 2024 1168 condicione

368 1209 510 1238 rerum
549 1196 748 1249 scripturi
786 1196 980 1239 fuissent.
1052 1196 1137 1239 Sed
1178 1196 1376 1250 quamvis
1414 1209 1588 1250 operam
1630 1196 1797 1246 darent,
1835 1197 1882 1238 ut
1923 1196 2027 1240 illud

366 1269 528 1320 πρέπον
560 1269 907 1321 assequerentur,
940 1270 1086 1310 tamen
1119 1281 1220 1310 suas
1253 1270 1295 1310 et
1326 1268 1574 1321 aequalium
1613 1268 1888 1310 condiciones
1919 1267 2029 1310 obli-

370 1339 471 1380 visci
503 1341 546 1380 et
575 1339 930 1381 consuetudinem
971 1352 1200 1392 moresque
1239 1339 1455 1393 deponere
1492 1352 1580 1381 non
1622 1339 1814 1392 potuisse
1850 1339 2028 1383 minime

369 1411 525 1452 mirum
559 1413 636 1452 est.
994 1453 998 1457 ,

510 1482 570 1523 Ex
604 1482 813 1524 eiusmodi
852 1481 1230 1524 exercitationibus
1269 1482 1489 1535 epistulas,
1528 1494 1639 1535 quae
1673 1482 1841 1525 Socrati
1874 1484 1916 1524 et
1945 1481 2027 1525 So-

370 1554 552 1604 craticis,
580 1553 654 1607 qui
686 1554 972 1607 appellantur,
1013 1554 1320 1604 attribuuntur,
1359 1555 1476 1596 ortas
1515 1566 1609 1596 esse
1648 1553 1851 1596 arbitror.
1914 1549 2028 1595 Nam

370 1625 423 1667 de
456 1625 651 1667 consulto
689 1638 775 1666 non
815 1625 1084 1667 adulteratae
1122 1627 1235 1676 sunt,
1269 1638 1365 1667 cum
1405 1638 1470 1676 ea,
1504 1638 1616 1678 quae
1655 1624 1888 1676 continent,
1922 1623 2027 1667 satis

370 1696 481 1738 levia
526 1696 623 1746 sint,
663 1696 799 1738 tribus
837 1697 903 1739 vel
942 1699 1149 1750 quattuor
1186 1696 1385 1749 cxceptis,
1421 1709 1529 1749 quas
1562 1696 1690 1749 ipsas,
1732 1695 1767 1737 si
1804 1695 2029 1748 diligenter

370 1770 633 1821 spectamus,
683 1763 711 1810 a
749 1767 921 1809 rhetore
966 1768 1155 1821 quodam
1196 1767 1458 1821 compositas
1502 1780 1596 1809 esse
1639 1769 1833 1820 apparet.
1902 1766 2028 1818 Quod

371 1842 515 1881 autem
550 1839 593 1889 ii,
616 1839 689 1892 qui
717 1852 790 1881 eas
813 1838 1171 1892 conscripserunt,
1199 1852 1398 1881 sermone
1423 1838 1566 1880 Attico
1586 1839 1651 1880 usi
1673 1841 1774 1880 sunt
1794 1838 1860 1880 vel
1885 1837 2030 1892 potius

374 1910 432 1952 uti
466 1910 739 1961 studuerunt,
772 1923 860 1952 non
881 1911 1002 1952 facile
1036 1913 1100 1952 est
1126 1910 1255 1961 dictu,
1284 1923 1371 1964 qua
1403 1912 1546 1952 aetate
1578 1909 1830 1960 exstiterint,
1863 1922 1964 1951 nam
1986 1908 2028 1950 in

374 1981 455 2023 illis
490 1982 606 2024 nulla
640 1995 685 2023 re
718 1985 890 2035 tempus
921 1982 1198 2035 significatur.
1262 1982 1347 2023 Sed
1379 1995 1476 2024 cum
1515 1994 1665 2023 omnes
1703 1981 1956 2023 coniunctae
1987 1980 2028 2022 in

373 2053 594 2094 codicibus
630 2054 841 2106 legantur,
874 2067 924 2095 ex
965 2067 1051 2095 una
1083 2053 1230 2095 schola
1263 2067 1336 2096 eas
1368 2053 1563 2106 prodisse
1595 2054 1759 2095 certum
1793 2054 1871 2102 est,
1903 2064 2030 2105 prae.-

372 2125 516 2166 sertim
542 2138 639 2165 cum
664 2127 807 2167 aetate
830 2125 940 2166 inter
962 2139 1007 2167 se
1033 2138 1118 2166 non
1152 2125 1365 2176 differant,
1399 2124 1515 2177 quod
1541 2137 1610 2166 me
1633 2123 2029 2165 demonstraturum

373 2208 465 2237 esse
499 2195 683 2237 conlido.

519 2267 605 2308 Has
638 2266 856 2319 epistulas,
891 2280 1003 2320 quae
1036 2267 1075 2308 in
1111 2266 1326 2308 nonnullis
1358 2266 1589 2316 codicibus,
1623 2266 1739 2308 velut
1770 2265 1811 2306 in
1833 2265 2028 2307 Parisino

374 2337 563 2390 quodam
599 2339 641 2379 et
673 2338 1023 2393 Guelferbytano,
1045 2338 1099 2379 ad
1132 2351 1211 2380 nos
1244 2339 1545 2392 pervenerunt,
1573 2337 1758 2390 primum
1781 2350 1807 2378 a
1833 2335 2029 2378 doctissi-

374 2421 444 2449 mo
487 2409 556 2449 illo
605 2409 748 2450 Leone
791 2409 949 2451 Allatio
967 2410 999 2463 3)
1047 2422 1162 2451 anno
1209 2410 1332 2450 1637.
1377 2408 1512 2450 editas
1560 2407 1722 2460 optime
1762 2407 1942 2459 legimus
1986 2406 2028 2448 in

375 2479 560 2521 editione
595 2480 947 2534 Hercheria11a⁴),
984 2493 1115 2534 quam
1148 2480 1229 2522 hoc
1261 2480 1303 2521 in
1336 2492 1466 2533 opere
1500 2491 1668 2532 sequor.

521 2606 544 2647 ¹)
570 2608 613 2639 cf.
643 2608 813 2639 Isocratis
838 2617 919 2647 epp.
948 2611 979 2647 2,
1004 2609 1063 2647 13;
1093 2609 1123 2647 3,
1147 2610 1183 2646 13
1212 2609 1244 2646 4,
1268 2609 1328 2646 13;
1358 2608 1387 2638 8.

517 2664 544 2707 ι3)
571 2667 613 2698 cf.
641 2667 815 2706 epistulas
841 2667 1036 2698 heroidum
1062 2667 1108 2698 ab
1135 2666 1271 2698 Ovidio
1297 2666 1460 2706 scriptas.
1639 2691 1641 2693 .

519 2725 543 2764 ²¹)
573 2726 951 2766 Bentley(-Ribbeck),
980 2719 1077 2758 Uber
1103 2726 1162 2757 die
1190 2725 1309 2757 Briefe
1336 2725 1398 2757 des
1424 2724 1592 2756 Phalaris
1612 2748 1620 2756 .
1643 2749 1649 2755 .
1672 2749 1678 2755 .
1701 2733 1734 2764 p.
1759 2725 1825 2755 540
1839 2733 1865 2755 s.

517 2784 543 2823 ⁴)
572 2785 663 2816 Rud.
695 2785 868 2825 Hercher,
896 2785 1194 2824 Epistolographi
1222 2784 1363 2824 Graeci,
1390 2783 1541 2816 Parisiis
1570 2785 1669 2816 1873.
