2254 3496
981 204 1029 243 47

303 312 411 371 βίος
442 314 552 370 (XV,
574 314 633 370 2),
669 315 872 367 mundus,
907 328 1059 357 omnes
1085 315 1298 358 homines.
1364 313 1442 370 [εἰς
1467 315 1630 356 ἅπαντα
1658 315 1729 356 τὸν
1754 316 1847 369 βίον

162 387 482 441 παρατιθέντων
514 386 586 440 τὴν
619 387 771 441 ἀρετὴν
797 386 1010 443 τάνδρός]
1073 387 1268 429 Primum
1297 400 1366 440 ap.
1396 387 1526 429 Arist.
1563 387 1634 440 (de
1667 387 1846 437 mundo,

162 470 206 512 p.
237 458 342 510 400,
367 458 443 500 15:
477 463 830 512 συνεπιμαρτυρεῖ
858 459 881 499 ὁ
913 460 1005 513 βίος
1037 458 1183 514 ἅπας).
1245 459 1413 502 Passim
1448 472 1518 512 ap.
1553 472 1684 502 rece:
1722 458 1845 501 Dion.

165 528 278 581 Hal.‚
318 529 532 584 imprimis
569 529 671 572 Luc,
736 530 871 572 Multa
911 531 1109 584 exempla
1148 530 1274 573 affert
1306 530 1596 573 Casaubonus
1630 531 1846 584 (animad-

164 601 386 659 versiones
429 601 469 643 in
507 601 663 645 Athen.
699 601 788 653 XV,
832 615 873 655 p.
908 603 1008 654 954,
1041 616 1081 645 v.
1117 603 1190 657 30)
1234 603 1337 644 item
1380 603 1672 657 Wyttenbaeh
1719 603 1846 653 (Plut.

163 685 274 716 mor.
312 673 379 725 VI,
410 687 454 728 p.
491 673 588 716 147.
653 673 765 727 Opp.
799 674 905 716 Mor.
939 687 982 728 p.
1016 675 1104 717 478
1120 674 1167 726 B,
1202 675 1288 716 956
1305 675 1355 726 A,
1379 674 1444 728 Β).

304 747 495 802 γράμμα
528 745 697 800 (ΧΧΙΙ).
762 746 980 788 Numerus
1018 747 1124 799 sing.
1167 766 1222 782 =
1262 747 1379 797 Iiber,
1422 748 1646 800 seriptum.
1709 747 1845 790 Thue.

163 816 338 872 (semeh
382 817 422 865 5,
444 817 532 868 29),
565 817 674 859 Plat.
710 817 904 872 (quaterz
948 818 1092 860 Parm.
1132 818 1213 860 128
1237 818 1287 868 A,
1317 818 1366 870 B,
1393 819 1440 870 C,
1468 818 1544 872 D);
1585 819 1743 861 deinde
1775 833 1845 873 ap.

162 888 331 932 Gallim.
367 888 529 943 (Epigr.
562 889 633 939 24,
656 890 702 941 4;
741 889 801 944 6),
835 890 876 931 in
912 890 1089 932 Anthol.
1124 890 1213 933 Pal.
1243 890 1302 945 (9,
1326 891 1403 940 63;
1447 891 1509 941 12,
1537 891 1664 945 102);
1693 891 1847 933 erebro

163 973 234 1015 ap.
267 973 378 1004 rece.
411 960 530 1003 velut
562 961 677 1009 Lue.,
713 961 834 1004 alios.

244 1073 250 1078 .
303 1030 656 1088 μισάνθρωπος
688 1032 856 1087 (XXIV,
879 1033 937 1088 2).
1004 1033 1113 1076 Plat.
1149 1034 1254 1088 (bisz
1288 1034 1453 1077 Phaed.
1486 1048 1529 1088 p.
1564 1035 1620 1077 89
1638 1035 1693 1085 D;
1739 1035 1845 1088 legg.

168 1105 210 1156 8,
242 1117 286 1159 p.
309 1104 487 1160 791D);
522 1105 627 1147 Call.
663 1105 747 1160 (ep.
784 1106 823 1156 3,
850 1105 889 1160 1)
924 1107 967 1147 et
999 1119 1108 1148 rece.
1143 1109 1191 1147 ut
1223 1106 1330 1148 Poll.
1365 1109 1407 1148 et
1440 1107 1542 1149 Luc.

307 1175 524 1226 διάθεσις
550 1177 724 1231 (XXVI)
758 1177 929 1220 affectio
957 1178 1090 1219 animi
1119 1181 1161 1221 et
1188 1179 1393 1232 eorporis.
1453 1178 1596 1232 Saepe
1622 1192 1692 1232 ap.
1720 1179 1846 1231 Plat„

163 1247 449 1299 Arist.;,tum
482 1261 553 1302 ap.
587 1249 738 1303 Polyb.
772 1252 814 1291 et
847 1263 972 1301 rece,
1008 1250 1080 1304 qui
1115 1250 1342 1293 Platonem
1378 1251 1618 1294 imitantur.

307 1319 483 1371 ζωὸίον
516 1320 726 1375 (XXVIII,
749 1321 807 1376 2).
871 1321 969 1363 Non
1009 1325 1113 1365 ante
1146 1323 1337 1364 Maneth.
1378 1325 1421 1365 et
1453 1323 1600 1374 Arist..
1641 1322 1715 1377 qui
1749 1337 1845 1365 eam

162 1404 315 1434 vocem
348 1391 519 1445 signum
553 1392 741 1434 caeleste
774 1406 868 1434 esse
902 1393 1168 1446 intellegunt.
1232 1394 1316 1448 Ap.
1344 1394 1505 1437 Herod.
1537 1395 1585 1449 (I,
1608 1395 1680 1449 70)
1710 1395 1843 1437 semel

162 1465 230 1509 est
259 1476 340 1518 pro
382 1463 520 1517 figura
561 1464 752 1518 quadam
789 1465 854 1507 vel
892 1478 971 1518 pro
1004 1465 1295 1518 imaguncula,
1336 1479 1467 1520 quam
1502 1467 1725 1510 noti0nem
1760 1467 1841 1509 hoc

162 1534 258 1578 loco
291 1537 335 1577 et
366 1548 439 1589 ap.
470 1548 578 1579 rece.
614 1535 771 1591 (Diod,
807 1536 950 1587 Paus..
984 1536 1115 1591 Plut.)
1151 1537 1377 1580 habemus.

303 1605 567 1664 θυγάτριον
594 1607 784 1661 (ΧΧΙΧ).
849 1607 1042 1650 Primum
1071 1621 1142 1662 ap.
1170 1608 1388 1651 Xenareh.
1414 1612 1458 1651 et
1484 1609 1725 1662 Menandr.‚
1754 1614 1845 1653 tum

162 1690 233 1732 ap.
268 1690 398 1730 reec.,
432 1678 624 1723 ut'Plut.
660 1681 701 1720 et
735 1679 776 1720 in
809 1679 933 1721 Novo
966 1679 1250 1722 Testamento
1268 1681 1314 1735 1).
1342 1687 1346 1700 ’

264 1760 269 1764 ·
308 1751 488 1807 ἱστορία
531 1750 684 1805 (ΧΧΧ,
715 1751 773 1805 9).
839 1753 919 1805 Ap.
964 1752 1124 1794 Herod.
1168 1765 1247 1805 pro
1290 1753 1419 1795 rebus
1462 1753 1607 1805 gestis,
1650 1754 1760 1796 Plat.
1805 1758 1847 1796 et

164 1821 294 1865 Arist.
321 1834 403 1876 pro
429 1822 631 1866 doctrina
650 1823 717 1865 vel
745 1824 1036 1876 cognoscendi
1063 1824 1207 1866 Studio
1236 1823 1280 1880 [ἡ
1307 1826 1400 1878 περὶ
1426 1826 1599 1879 φύσεως
1625 1826 1693 1867 vel
1721 1827 1847 1880 φύσιν

164 1891 358 1950 ἱστορία]
421 1893 508 1936 Pro
541 1894 719 1937 seientia
753 1895 918 1938 habent
951 1895 1080 1937 Isoer.
1116 1896 1221 1949 (bis:
1258 1896 1348 1948 XII,
1371 1897 1458 1938 246
1492 1899 1534 1938 et
1567 1911 1632 1950 ep.
1670 1897 1777 1949 VIII,
1800 1898 1845 1953 4)

162 1966 206 2007 et
237 1978 348 2008 rece.
385 1965 532 2020 (Plut.‚
566 1966 802 2021 Philostr.)‚
837 1980 951 2021 quae
983 1967 1103 2009 notio
1137 1968 1268 2010 etiam
1305 1968 1386 2010 hoc
1419 1969 1513 2010 loeo
1541 1970 1784 2022 requiritur.

815 2080 852 2118 2.
882 2079 938 2119 De
968 2079 1194 2119 adieetivis.

308 2161 448 2205 Etiam
489 2163 803 2206 adieetivorum
844 2164 1069 2218 complura
1114 2165 1244 2217 digna
1286 2168 1400 2215 sunt,
1445 2179 1558 2219 quae
1586 2167 1843 2223 afferantur.

163 2232 283 2276 Haec
310 2234 463 2277 eodem
492 2236 624 2278 modo
651 2236 880 2290 disponam
910 2238 1042 2290 atque
1063 2237 1354 2287 substantiva,
1377 2237 1418 2279 in
1446 2240 1657 2292 quattuor
1683 2242 1843 2292 partes.

171 2293 175 2297 .
307 2306 338 2348 l.
371 2304 497 2356 λιτὸς
528 2307 616 2362 (VL
639 2307 698 2362 2),
732 2309 926 2360 exiguus.
978 2307 1184 2363 [χρῆσθαι
1211 2314 1349 2363 τροφῇ
1376 2308 1596 2365 λιτοτάτῃ]
1649 2309 1844 2352 Primum

163 2376 206 2430 in
247 2376 474 2421 Menandri
515 2378 759 2431 fragmento
798 2379 943 2421 XCIII.
986 2380 1069 2434 (ed.
1106 2373 1312 2430 Me'ineke,
1351 2394 1394 2434 p.
1431 2381 1548 2434 226),
1582 2381 1739 2423 deinde
1773 2395 1842 2436 ap.

163 2447 271 2492 Call.
297 2448 417 2503 (trist
451 2449 599 2504 hymn.
628 2451 669 2501 2,
697 2451 749 2492 10
776 2453 819 2493 et
850 2452 862 2491 1
885 2452 892 2491 1
916 2467 925 2500 ;
960 2453 1000 2502 5,
1024 2451 1112 2505 25).
1173 2451 1469 2494 posteriorum
1506 2453 1846 2507 epistolographi

164 2506 329 2566 habent
362 2521 403 2562 in
437 2521 615 2564 deliciis.
679 2520 874 2564 Eandem
908 2523 1170 2565 locutionem
1206 2523 1452 2566 invenimus
1486 2537 1555 2577 ap.
1585 2524 1744 2567 Athen.
1780 2525 1845 2577 (V,

163 2579 207 2645 p.
243 2591 319 2633 191
341 2592 396 2634 F:
431 2593 568 2647 τροφὴ
596 2594 819 2649 λιτοτάτῃ).

307 2668 716 2726 περικατάληπτος
748 2671 796 2726 (Ι,
818 2671 878 2726 9).
936 2671 1033 2713 Non
1061 2675 1164 2715 ante
1190 2672 1302 2714 PIut.
1333 2674 1376 2715 et
1404 2673 1525 2715 Diod.
1553 2673 1618 2723 S.;
1655 2673 1731 2715 sed
1759 2674 1845 2716 iam

163 2740 495 2795 Theophrastus
531 2746 712 2797 usurpat
744 2744 1065 2786 substantivum
1100 2745 1445 2799 περικατάληψις.

309 2817 566 2875 πειθήνιος
596 2820 724 2876 (XIV,
747 2823 805 2874 8).
870 2822 986 2864 Idem
1030 2835 1118 2864 non
1160 2825 1263 2865 ante
1305 2822 1416 2865 plut.
1457 2823 1651 2865 Primum
1690 2823 1848 2866 dieitur

116 2920 122 2923 -
166 2889 222 2933 de
253 2902 382 2944 equo,
416 2891 488 2945 qui
523 2891 705 2935 habenis
736 2896 875 2947 paret,
909 2895 1027 2936 velut
1059 2907 1130 2949 ap.
1164 2894 1275 2936 PIut.
1311 2894 1419 2949 (vita
1446 2895 1543 2949 Lye.
1579 2908 1615 2937 c.
1644 2895 1718 2950 30)
1752 2898 1844 2937 tum

165 2961 311 3013 etiam,
354 2962 471 3016 quod
514 2962 627 3005 idem
671 2964 786 3007 valet
826 2968 960 3019 atque
1002 2966 1254 3018 oboediens,
1297 2966 1351 3007 de
1389 2966 1653 3017 hominibus,
1693 2970 1742 3009 ut
1774 2981 1845 3020 ap.

310 3111 334 3154 ¹)
363 3114 526 3156 Sehmid,
555 3115 582 3155 Ι,
610 3125 644 3155 p.
669 3117 747 3156 159,
776 3118 863 3155 3143
894 3117 955 3158 IV,
983 3125 1016 3157 p.
1039 3118 1116 3149 305.
