<?xml version="1.0" encoding="UTF-8"?>
<!DOCTYPE html PUBLIC "-//W3C//DTD XHTML 1.0 Transitional//EN"
    "http://www.w3.org/TR/xhtml1/DTD/xhtml1-transitional.dtd">
<html xmlns="http://www.w3.org/1999/xhtml" xml:lang="en" lang="en">
 <head>
  <title>
</title>
<meta http-equiv="Content-Type" content="text/html;charset=utf-8" />
  <meta name='ocr-system' content='tesseract 3.04.00' />
  <meta name='ocr-capabilities' content='ocr_page ocr_carea ocr_par ocr_line ocrx_word'/>
</head>
<body>
  <div class='ocr_page' id='page_1' title='image "./quaaetatesocrati00obenuoft_0038.png"; bbox 0 0 2254 3496; ppageno 0'>
   <div class='ocr_carea' id='block_1_1' title="bbox 1175 226 1225 263">
    <p class='ocr_par' dir='ltr' id='par_1_1' title="bbox 1175 226 1225 263">
     <span class='ocr_line' id='line_1_1' title="bbox 1175 226 1225 263; baseline 0 0"><span class='ocrx_word' id='word_1_1' title='bbox 1175 226 1225 263; x_wconf 78' lang='lat'>36</span> 
     </span>
    </p>
   </div>
   <div class='ocr_carea' id='block_1_2' title="bbox 1056 279 1320 284">
    <p class='ocr_par' dir='ltr' id='par_1_2' title="bbox 1056 279 1320 284">
     <span class='ocr_line' id='line_1_2' title="bbox 1056 279 1320 284; baseline 0 0"><span class='ocrx_word' id='word_1_2' title='bbox 1056 279 1320 284; x_wconf 95' lang='lat' dir='ltr'> </span> 
     </span>
    </p>
   </div>
   <div class='ocr_carea' id='block_1_3' title="bbox 360 333 2029 2664">
    <p class='ocr_par' dir='ltr' id='par_1_3' title="bbox 360 333 2026 885">
     <span class='ocr_line' id='line_1_3' title="bbox 360 333 2026 388; baseline 0 -12"><span class='ocrx_word' id='word_1_3' title='bbox 360 334 462 376; x_wconf 81' lang='lat' dir='ltr'>nino</span> <span class='ocrx_word' id='word_1_4' title='bbox 496 348 582 377; x_wconf 90' lang='lat' dir='ltr'>non</span> <span class='ocrx_word' id='word_1_5' title='bbox 615 337 719 388; x_wconf 86' lang='lat' dir='ltr'>apta</span> <span class='ocrx_word' id='word_1_6' title='bbox 752 337 817 376; x_wconf 83' lang='lat' dir='ltr'>est</span> <span class='ocrx_word' id='word_1_7' title='bbox 849 347 900 375; x_wconf 79' lang='lat' dir='ltr'>ea</span> <span class='ocrx_word' id='word_1_8' title='bbox 942 347 987 376; x_wconf 87' lang='lat' dir='ltr'>re</span> <span class='ocrx_word' id='word_1_9' title='bbox 1029 334 1121 376; x_wconf 89' lang='lat' dir='ltr'>sola</span> <span class='ocrx_word' id='word_1_10' title='bbox 1163 337 1355 388; x_wconf 80' lang='lat' dir='ltr'>excepta,</span> <span class='ocrx_word' id='word_1_11' title='bbox 1402 334 1517 387; x_wconf 86' lang='lat' dir='ltr'>quod</span> <span class='ocrx_word' id='word_1_12' title='bbox 1563 336 1743 387; x_wconf 90' lang='lat' dir='ltr'>uterque</span> <span class='ocrx_word' id='word_1_13' title='bbox 1788 346 1839 377; x_wconf 85' lang='lat' dir='ltr'>ex</span> <span class='ocrx_word' id='word_1_14' title='bbox 1883 333 2026 387; x_wconf 86' lang='lat' dir='ltr'>patria</span> 
     </span>
     <span class='ocr_line' id='line_1_4' title="bbox 363 405 2024 459; baseline 0.001 -13"><span class='ocrx_word' id='word_1_15' title='bbox 363 406 484 458; x_wconf 81' lang='lat' dir='ltr'>fugit.</span> <span class='ocrx_word' id='word_1_16' title='bbox 549 406 640 447; x_wconf 90' lang='lat' dir='ltr'>Hoc</span> <span class='ocrx_word' id='word_1_17' title='bbox 674 407 768 447; x_wconf 87' lang='lat' dir='ltr'>loco</span> <span class='ocrx_word' id='word_1_18' title='bbox 800 406 860 447; x_wconf 88' lang='lat' dir='ltr'>ita</span> <span class='ocrx_word' id='word_1_19' title='bbox 893 406 1098 458; x_wconf 87' lang='lat' dir='ltr'>scriptum</span> <span class='ocrx_word' id='word_1_20' title='bbox 1134 408 1212 453; x_wconf 84' lang='lat' dir='ltr'>est,</span> <span class='ocrx_word' id='word_1_21' title='bbox 1245 406 1526 458; x_wconf 59' lang='lat' dir='ltr'>ut‘putemus</span> <span class='ocrx_word' id='word_1_22' title='bbox 1559 405 1791 459; x_wconf 79' lang='lat' dir='ltr'><strong>Amyntam</strong></span> <span class='ocrx_word' id='word_1_23' title='bbox 1814 405 2024 447; x_wconf 86' lang='lat' dir='ltr'>seditione</span> 
     </span>
     <span class='ocr_line' id='line_1_5' title="bbox 362 476 2023 529; baseline 0 -11"><span class='ocrx_word' id='word_1_24' title='bbox 362 478 477 520; x_wconf 86' lang='lat' dir='ltr'>facta</span> <span class='ocrx_word' id='word_1_25' title='bbox 511 491 535 519; x_wconf 87' lang='lat' dir='ltr'>a</span> <span class='ocrx_word' id='word_1_26' title='bbox 569 478 657 518; x_wconf 89' lang='lat' dir='ltr'>suis</span> <span class='ocrx_word' id='word_1_27' title='bbox 689 476 852 518; x_wconf 88' lang='lat' dir='ltr'>civibus</span> <span class='ocrx_word' id='word_1_28' title='bbox 894 477 935 517; x_wconf 91' lang='lat' dir='ltr'>in</span> <span class='ocrx_word' id='word_1_29' title='bbox 977 476 1171 517; x_wconf 80' lang='lat' dir='ltr'>exsilium</span> <span class='ocrx_word' id='word_1_30' title='bbox 1213 476 1391 517; x_wconf 90' lang='lat' dir='ltr'>missum</span> <span class='ocrx_word' id='word_1_31' title='bbox 1426 489 1519 518; x_wconf 85' lang='lat' dir='ltr'>esse</span> <span class='ocrx_word' id='word_1_32' title='bbox 1537 476 1582 529; x_wconf 84' lang='lat'>¹),</span> <span class='ocrx_word' id='word_1_33' title='bbox 1622 489 1719 518; x_wconf 90' lang='lat' dir='ltr'>cum</span> <span class='ocrx_word' id='word_1_34' title='bbox 1762 489 1807 518; x_wconf 91' lang='lat' dir='ltr'>re</span> <span class='ocrx_word' id='word_1_35' title='bbox 1839 489 1941 518; x_wconf 87' lang='lat' dir='ltr'>vera</span> <span class='ocrx_word' id='word_1_36' title='bbox 1967 476 2023 518; x_wconf 85' lang='lat' dir='ltr'>ab</span> 
     </span>
     <span class='ocr_line' id='line_1_6' title="bbox 360 546 2020 602; baseline 0 -13"><span class='ocrx_word' id='word_1_37' title='bbox 360 548 509 602; x_wconf 83' lang='lat' dir='ltr'><strong>Illyriis</strong></span> <span class='ocrx_word' id='word_1_38' title='bbox 541 547 697 589; x_wconf 87' lang='lat' dir='ltr'>finibus</span> <span class='ocrx_word' id='word_1_39' title='bbox 729 547 931 600; x_wconf 86' lang='lat' dir='ltr'>expulsus</span> <span class='ocrx_word' id='word_1_40' title='bbox 969 547 1023 588; x_wconf 88' lang='lat' dir='ltr'>sit</span> <span class='ocrx_word' id='word_1_41' title='bbox 1039 549 1082 597; x_wconf 77' lang='grc'>2).</span> <span class='ocrx_word' id='word_1_42' title='bbox 1147 547 1287 588; x_wconf 80' lang='lat' dir='ltr'>Etiam</span> <span class='ocrx_word' id='word_1_43' title='bbox 1330 546 1531 588; x_wconf 86' lang='lat' dir='ltr'>iudicium</span> <span class='ocrx_word' id='word_1_44' title='bbox 1566 547 1620 589; x_wconf 93' lang='lat' dir='ltr'>de</span> <span class='ocrx_word' id='word_1_45' title='bbox 1654 547 1856 601; x_wconf 90' lang='lat' dir='ltr'>Dionysio</span> <span class='ocrx_word' id='word_1_46' title='bbox 1890 547 2020 601; x_wconf 85' lang='lat' dir='ltr'>Syra-</span> 
     </span>
     <span class='ocr_line' id='line_1_7' title="bbox 362 617 2023 672; baseline -0.001 -11"><span class='ocrx_word' id='word_1_47' title='bbox 362 632 560 661; x_wconf 90' lang='lat' dir='ltr'>cusarum</span> <span class='ocrx_word' id='word_1_48' title='bbox 602 621 786 672; x_wconf 79' lang='lat' dir='ltr'>tyranno</span> <span class='ocrx_word' id='word_1_49' title='bbox 829 618 988 660; x_wconf 89' lang='lat' dir='ltr'>factum</span> <span class='ocrx_word' id='word_1_50' title='bbox 1008 618 1040 670; x_wconf 63' lang='grc'>3)</span> <span class='ocrx_word' id='word_1_51' title='bbox 1087 631 1184 659; x_wconf 88' lang='lat' dir='ltr'>cum</span> <span class='ocrx_word' id='word_1_52' title='bbox 1229 618 1386 660; x_wconf 90' lang='lat' dir='ltr'>iudicio</span> <span class='ocrx_word' id='word_1_53' title='bbox 1437 617 1605 659; x_wconf 90' lang='lat' dir='ltr'>illorum</span> <span class='ocrx_word' id='word_1_54' title='bbox 1650 620 1895 671; x_wconf 89' lang='lat' dir='ltr'>temporum</span> <span class='ocrx_word' id='word_1_55' title='bbox 1937 630 2023 660; x_wconf 88' lang='lat' dir='ltr'>non</span> 
     </span>
     <span class='ocr_line' id='line_1_8' title="bbox 362 689 2022 742; baseline -0.001 -10"><span class='ocrx_word' id='word_1_56' title='bbox 362 690 570 742; x_wconf 77' lang='lat' dir='ltr'>congruit.</span> <span class='ocrx_word' id='word_1_57' title='bbox 634 689 743 731; x_wconf 89' lang='lat' dir='ltr'>Nam</span> <span class='ocrx_word' id='word_1_58' title='bbox 766 689 836 731; x_wconf 89' lang='lat' dir='ltr'>illa</span> <span class='ocrx_word' id='word_1_59' title='bbox 869 692 1012 731; x_wconf 78' lang='lat' dir='ltr'>aetate</span> <span class='ocrx_word' id='word_1_60' title='bbox 1045 689 1243 742; x_wconf 90' lang='lat' dir='ltr'>princeps</span> <span class='ocrx_word' id='word_1_61' title='bbox 1267 702 1365 731; x_wconf 92' lang='lat' dir='ltr'>vere</span> <span class='ocrx_word' id='word_1_62' title='bbox 1398 691 1600 731; x_wconf 90' lang='lat' dir='ltr'>strenuus</span> <span class='ocrx_word' id='word_1_63' title='bbox 1634 689 1891 740; x_wconf 76' lang='lat' dir='ltr'>habebatur,</span> <span class='ocrx_word' id='word_1_64' title='bbox 1925 702 2022 731; x_wconf 90' lang='lat' dir='ltr'>cum</span> 
     </span>
     <span class='ocr_line' id='line_1_9' title="bbox 362 759 2026 815; baseline -0.001 -12"><span class='ocrx_word' id='word_1_65' title='bbox 362 764 514 815; x_wconf 86' lang='lat' dir='ltr'>postea</span> <span class='ocrx_word' id='word_1_66' title='bbox 547 761 901 803; x_wconf 81' lang='lat' dir='ltr'>crudelitaseius</span> <span class='ocrx_word' id='word_1_67' title='bbox 934 761 975 801; x_wconf 91' lang='lat' dir='ltr'>in</span> <span class='ocrx_word' id='word_1_68' title='bbox 1008 760 1225 814; x_wconf 87' lang='lat' dir='ltr'>proverbii</span> <span class='ocrx_word' id='word_1_69' title='bbox 1257 760 1613 802; x_wconf 80' lang='lat' dir='ltr'>consuetudinem</span> <span class='ocrx_word' id='word_1_70' title='bbox 1656 760 1834 811; x_wconf 88' lang='lat' dir='ltr'>veniret,</span> <span class='ocrx_word' id='word_1_71' title='bbox 1878 763 1924 802; x_wconf 88' lang='lat' dir='ltr'>ut</span> <span class='ocrx_word' id='word_1_72' title='bbox 1956 759 2026 802; x_wconf 92' lang='lat' dir='ltr'>ille</span> 
     </span>
     <span class='ocr_line' id='line_1_10' title="bbox 361 831 1373 885; baseline -0.003 -10"><span class='ocrx_word' id='word_1_73' title='bbox 361 831 670 875; x_wconf 89' lang='lat' dir='ltr'>recentioribus</span> <span class='ocrx_word' id='word_1_74' title='bbox 702 834 912 885; x_wconf 89' lang='lat' dir='ltr'>tyrannus</span> <span class='ocrx_word' id='word_1_75' title='bbox 945 833 1030 872; x_wconf 79' lang='grc' dir='ltr'>κατ’</span> <span class='ocrx_word' id='word_1_76' title='bbox 1066 833 1216 885; x_wconf 81' lang='grc' dir='ltr'><em>ἒξοχήν</em></span> <span class='ocrx_word' id='word_1_77' title='bbox 1248 834 1373 873; x_wconf 90' lang='lat' dir='ltr'>esset.</span> 
     </span>
    </p>

    <p class='ocr_par' dir='ltr' id='par_1_4' title="bbox 362 902 2029 2155">
     <span class='ocr_line' id='line_1_11' title="bbox 505 902 2023 956; baseline -0.001 -11"><span class='ocrx_word' id='word_1_78' title='bbox 505 904 674 945; x_wconf 82' lang='lat' dir='ltr'>Acerba</span> <span class='ocrx_word' id='word_1_79' title='bbox 696 902 891 945; x_wconf 81' lang='lat' dir='ltr'>irrisione</span> <span class='ocrx_word' id='word_1_80' title='bbox 917 903 1100 956; x_wconf 81' lang='lat' dir='ltr'>castigat</span> <span class='ocrx_word' id='word_1_81' title='bbox 1120 905 1272 945; x_wconf 79' lang='lat' dir='ltr'>auctor</span> <span class='ocrx_word' id='word_1_82' title='bbox 1292 903 1539 952; x_wconf 87' lang='lat' dir='ltr'>Isocratem,</span> <span class='ocrx_word' id='word_1_83' title='bbox 1561 902 1633 956; x_wconf 91' lang='lat' dir='ltr'>qui</span> <span class='ocrx_word' id='word_1_84' title='bbox 1654 902 1694 943; x_wconf 94' lang='lat' dir='ltr'>in</span> <span class='ocrx_word' id='word_1_85' title='bbox 1717 902 1870 955; x_wconf 88' lang='lat' dir='ltr'>quinta</span> <span class='ocrx_word' id='word_1_86' title='bbox 1896 903 2023 956; x_wconf 87' lang='lat' dir='ltr'>parte</span> 
     </span>
     <span class='ocr_line' id='line_1_12' title="bbox 362 973 2026 1028; baseline -0.001 -12"><span class='ocrx_word' id='word_1_87' title='bbox 362 974 569 1017; x_wconf 89' lang='lat' dir='ltr'>orationis</span> <span class='ocrx_word' id='word_1_88' title='bbox 601 974 755 1016; x_wconf 86' lang='lat' dir='ltr'>dixerit</span> <span class='ocrx_word' id='word_1_89' title='bbox 792 974 1005 1028; x_wconf 86' lang='lat' dir='ltr'>Cyrenam</span> <span class='ocrx_word' id='word_1_90' title='bbox 1039 974 1256 1015; x_wconf 83' lang='lat' dir='ltr'>conditam</span> <span class='ocrx_word' id='word_1_91' title='bbox 1291 987 1384 1015; x_wconf 89' lang='lat' dir='ltr'>esse</span> <span class='ocrx_word' id='word_1_92' title='bbox 1410 986 1436 1014; x_wconf 83' lang='lat' dir='ltr'>a</span> <span class='ocrx_word' id='word_1_93' title='bbox 1469 973 1834 1015; x_wconf 83' lang='lat' dir='ltr'>Lacedaemoniis.</span> <span class='ocrx_word' id='word_1_94' title='bbox 1881 973 1942 1014; x_wconf 86' lang='lat' dir='ltr'>Ex</span> <span class='ocrx_word' id='word_1_95' title='bbox 1974 985 2026 1015; x_wconf 86' lang='lat' dir='ltr'>ea</span> 
     </span>
     <span class='ocr_line' id='line_1_13' title="bbox 363 1043 2026 1098; baseline -0.001 -11"><span class='ocrx_word' id='word_1_96' title='bbox 363 1060 409 1087; x_wconf 91' lang='lat' dir='ltr'>re</span> <span class='ocrx_word' id='word_1_97' title='bbox 447 1046 632 1097; x_wconf 84' lang='lat' dir='ltr'>intellegi</span> <span class='ocrx_word' id='word_1_98' title='bbox 677 1058 817 1098; x_wconf 90' lang='lat' dir='ltr'>posse,</span> <span class='ocrx_word' id='word_1_99' title='bbox 860 1058 945 1098; x_wconf 89' lang='lat' dir='ltr'>qua</span> <span class='ocrx_word' id='word_1_100' title='bbox 991 1044 1168 1087; x_wconf 89' lang='lat' dir='ltr'>scientia</span> <span class='ocrx_word' id='word_1_101' title='bbox 1214 1048 1362 1087; x_wconf 89' lang='lat' dir='ltr'>orator</span> <span class='ocrx_word' id='word_1_102' title='bbox 1393 1045 1458 1086; x_wconf 88' lang='lat' dir='ltr'>sit.</span> <span class='ocrx_word' id='word_1_103' title='bbox 1528 1044 1640 1086; x_wconf 87' lang='lat' dir='ltr'>Nam</span> <span class='ocrx_word' id='word_1_104' title='bbox 1679 1057 1765 1086; x_wconf 89' lang='lat' dir='ltr'>non</span> <span class='ocrx_word' id='word_1_105' title='bbox 1810 1043 2026 1086; x_wconf 86' lang='lat' dir='ltr'>Lacedae-</span> 
     </span>
     <span class='ocr_line' id='line_1_14' title="bbox 364 1115 2026 1169; baseline -0.001 -11"><span class='ocrx_word' id='word_1_106' title='bbox 364 1117 546 1167; x_wconf 84' lang='lat' dir='ltr'>monios,</span> <span class='ocrx_word' id='word_1_107' title='bbox 589 1116 661 1158; x_wconf 90' lang='lat' dir='ltr'>sed</span> <span class='ocrx_word' id='word_1_108' title='bbox 699 1116 877 1158; x_wconf 86' lang='lat' dir='ltr'>Battum</span> <span class='ocrx_word' id='word_1_109' title='bbox 920 1129 1013 1158; x_wconf 89' lang='lat' dir='ltr'>esse</span> <span class='ocrx_word' id='word_1_110' title='bbox 1052 1119 1275 1169; x_wconf 91' lang='lat' dir='ltr'>parentem</span> <span class='ocrx_word' id='word_1_111' title='bbox 1311 1116 1422 1157; x_wconf 91' lang='lat' dir='ltr'>illius</span> <span class='ocrx_word' id='word_1_112' title='bbox 1464 1115 1595 1158; x_wconf 85' lang='lat' dir='ltr'>urbis.</span> <span class='ocrx_word' id='word_1_113' title='bbox 1668 1115 1703 1156; x_wconf 95' lang='lat' dir='ltr'>O</span> <span class='ocrx_word' id='word_1_114' title='bbox 1746 1115 1884 1156; x_wconf 88' lang='lat' dir='ltr'>virum</span> <span class='ocrx_word' id='word_1_115' title='bbox 1926 1127 2026 1156; x_wconf 88' lang='lat' dir='ltr'>vere</span> 
     </span>
     <span class='ocr_line' id='line_1_15' title="bbox 363 1185 2024 1241; baseline -0.002 -12"><span class='ocrx_word' id='word_1_116' title='bbox 363 1187 621 1241; x_wconf 82' lang='lat' dir='ltr'>sophistam!</span> <span class='ocrx_word' id='word_1_117' title='bbox 698 1187 824 1237; x_wconf 85' lang='lat' dir='ltr'>Batti,</span> <span class='ocrx_word' id='word_1_118' title='bbox 871 1200 998 1240; x_wconf 85' lang='lat' dir='ltr'>quern</span> <span class='ocrx_word' id='word_1_119' title='bbox 1045 1186 1190 1229; x_wconf 89' lang='lat' dir='ltr'>sabula</span> <span class='ocrx_word' id='word_1_120' title='bbox 1236 1186 1502 1228; x_wconf 84' lang='lat' dir='ltr'>conditorem</span> <span class='ocrx_word' id='word_1_121' title='bbox 1549 1185 1751 1239; x_wconf 88' lang='lat' dir='ltr'>appellat,</span> <span class='ocrx_word' id='word_1_122' title='bbox 1797 1185 1900 1227; x_wconf 87' lang='lat' dir='ltr'>nihil</span> <span class='ocrx_word' id='word_1_123' title='bbox 1945 1185 2024 1227; x_wconf 88' lang='lat' dir='ltr'>nisi</span> 
     </span>
     <span class='ocr_line' id='line_1_16' title="bbox 362 1257 2023 1310; baseline -0.001 -10"><span class='ocrx_word' id='word_1_124' title='bbox 362 1272 520 1301; x_wconf 87' lang='lat' dir='ltr'>nomen</span> <span class='ocrx_word' id='word_1_125' title='bbox 554 1258 752 1300; x_wconf 88' lang='lat' dir='ltr'>novimus</span> <span class='ocrx_word' id='word_1_126' title='bbox 786 1260 827 1300; x_wconf 90' lang='lat' dir='ltr'>et</span> <span class='ocrx_word' id='word_1_127' title='bbox 852 1258 933 1300; x_wconf 88' lang='lat' dir='ltr'>hoc</span> <span class='ocrx_word' id='word_1_128' title='bbox 967 1258 1227 1299; x_wconf 87' lang='lat' dir='ltr'>vocabulum</span> <span class='ocrx_word' id='word_1_129' title='bbox 1256 1257 1395 1310; x_wconf 89' lang='lat' dir='ltr'>ipsum</span> <span class='ocrx_word' id='word_1_130' title='bbox 1431 1257 1575 1308; x_wconf 85' lang='lat' dir='ltr'>lingua</span> <span class='ocrx_word' id='word_1_131' title='bbox 1617 1257 1848 1310; x_wconf 87' lang='lat' dir='ltr'>Libyorum</span> <span class='ocrx_word' id='word_1_132' title='bbox 1880 1269 2023 1309; x_wconf 85' lang='lat' dir='ltr'>regem</span> 
     </span>
     <span class='ocr_line' id='line_1_17' title="bbox 362 1328 2027 1383; baseline -0.001 -12"><span class='ocrx_word' id='word_1_133' title='bbox 362 1330 602 1383; x_wconf 80' lang='lat' dir='ltr'>significare</span> <span class='ocrx_word' id='word_1_134' title='bbox 635 1330 768 1371; x_wconf 86' lang='lat' dir='ltr'>fertur</span> <span class='ocrx_word' id='word_1_135' title='bbox 784 1330 831 1383; x_wconf 65' lang='lat'>4).</span> <span class='ocrx_word' id='word_1_136' title='bbox 898 1329 1098 1371; x_wconf 84' lang='lat' dir='ltr'>Ceterum</span> <span class='ocrx_word' id='word_1_137' title='bbox 1127 1330 1182 1372; x_wconf 88' lang='lat' dir='ltr'>ab</span> <span class='ocrx_word' id='word_1_138' title='bbox 1216 1329 1417 1370; x_wconf 87' lang='lat' dir='ltr'>omnibus</span> <span class='ocrx_word' id='word_1_139' title='bbox 1450 1329 1535 1370; x_wconf 87' lang='lat' dir='ltr'>sere</span> <span class='ocrx_word' id='word_1_140' title='bbox 1561 1328 1725 1382; x_wconf 86' lang='lat' dir='ltr'>Cyrene</span> <span class='ocrx_word' id='word_1_141' title='bbox 1752 1328 1921 1370; x_wconf 87' lang='lat' dir='ltr'>colonia</span> <span class='ocrx_word' id='word_1_142' title='bbox 1946 1328 2027 1370; x_wconf 88' lang='lat' dir='ltr'>La-</span> 
     </span>
     <span class='ocr_line' id='line_1_18' title="bbox 362 1398 2027 1453; baseline -0.002 -10"><span class='ocrx_word' id='word_1_143' title='bbox 362 1401 741 1443; x_wconf 91' lang='lat' dir='ltr'>cedaemoniorum</span> <span class='ocrx_word' id='word_1_144' title='bbox 775 1400 1038 1451; x_wconf 89' lang='lat' dir='ltr'>nominatur,</span> <span class='ocrx_word' id='word_1_145' title='bbox 1071 1401 1276 1453; x_wconf 87' lang='lat' dir='ltr'>quoniam</span> <span class='ocrx_word' id='word_1_146' title='bbox 1311 1400 1414 1441; x_wconf 89' lang='lat' dir='ltr'>urbs</span> <span class='ocrx_word' id='word_1_147' title='bbox 1446 1400 1629 1449; x_wconf 84' lang='lat' dir='ltr'>Therae,</span> <span class='ocrx_word' id='word_1_148' title='bbox 1658 1400 1779 1441; x_wconf 87' lang='lat' dir='ltr'>cuius</span> <span class='ocrx_word' id='word_1_149' title='bbox 1805 1413 1831 1441; x_wconf 93' lang='lat' dir='ltr'>a</span> <span class='ocrx_word' id='word_1_150' title='bbox 1863 1398 2027 1441; x_wconf 86' lang='lat' dir='ltr'>civibus</span> 
     </span>
     <span class='ocr_line' id='line_1_19' title="bbox 362 1469 2024 1527; baseline -0.002 -13"><span class='ocrx_word' id='word_1_151' title='bbox 362 1473 528 1527; x_wconf 85' lang='lat' dir='ltr'>Cyrene</span> <span class='ocrx_word' id='word_1_152' title='bbox 560 1472 794 1514; x_wconf 85' lang='lat' dir='ltr'>constituta</span> <span class='ocrx_word' id='word_1_153' title='bbox 827 1474 904 1522; x_wconf 70' lang='lat' dir='ltr'>est,</span> <span class='ocrx_word' id='word_1_154' title='bbox 939 1472 1031 1524; x_wconf 90' lang='lat' dir='ltr'>ipsa</span> <span class='ocrx_word' id='word_1_155' title='bbox 1059 1485 1084 1513; x_wconf 83' lang='lat' dir='ltr'>a</span> <span class='ocrx_word' id='word_1_156' title='bbox 1112 1471 1467 1514; x_wconf 86' lang='lat' dir='ltr'>Lacedaemoniis</span> <span class='ocrx_word' id='word_1_157' title='bbox 1488 1471 1716 1513; x_wconf 82' lang='lat' dir='ltr'>aedificata</span> <span class='ocrx_word' id='word_1_158' title='bbox 1736 1473 1841 1513; x_wconf 90' lang='lat' dir='ltr'>erat.</span> <span class='ocrx_word' id='word_1_159' title='bbox 1886 1469 2024 1512; x_wconf 90' lang='lat' dir='ltr'>Etiam</span> 
     </span>
     <span class='ocr_line' id='line_1_20' title="bbox 365 1540 2024 1601; baseline -0.001 -15"><span class='ocrx_word' id='word_1_160' title='bbox 365 1557 417 1587; x_wconf 86' lang='lat' dir='ltr'>ex</span> <span class='ocrx_word' id='word_1_161' title='bbox 448 1544 590 1585; x_wconf 79' lang='lat' dir='ltr'>verb1s</span> <span class='ocrx_word' id='word_1_162' title='bbox 623 1545 805 1596; x_wconf 86' lang='lat' dir='ltr'>quartae</span> <span class='ocrx_word' id='word_1_163' title='bbox 838 1543 1032 1585; x_wconf 85' lang='lat' dir='ltr'>decimae</span> <span class='ocrx_word' id='word_1_164' title='bbox 1063 1543 1198 1596; x_wconf 89' lang='lat' dir='ltr'>partis</span> <span class='ocrx_word' id='word_1_165' title='bbox 1231 1542 1393 1595; x_wconf 91' lang='lat' dir='ltr'>optime</span> <span class='ocrx_word' id='word_1_166' title='bbox 1435 1541 1675 1601; x_wconf 75' lang='lat' dir='ltr'>sophistam</span> <span class='ocrx_word' id='word_1_167' title='bbox 1708 1540 2024 1594; x_wconf 84' lang='lat' dir='ltr'>cognoscimus:</span> 
     </span>
     <span class='ocr_line' id='line_1_21' title="bbox 363 1609 2025 1669; baseline -0.003 -13"><span class='ocrx_word' id='word_1_168' title='bbox 363 1615 428 1656; x_wconf 79' lang='grc' dir='ltr'>ἐπὶ</span> <span class='ocrx_word' id='word_1_169' title='bbox 459 1616 536 1669; x_wconf 84' lang='grc' dir='ltr'>μὲν</span> <span class='ocrx_word' id='word_1_170' title='bbox 569 1614 648 1668; x_wconf 61' lang='lat' dir='ltr'>wip</span> <span class='ocrx_word' id='word_1_171' title='bbox 675 1615 969 1668; x_wconf 77' lang='grc' dir='ltr'><em>Ἀμφιπόλεώς</em></span> <span class='ocrx_word' id='word_1_172' title='bbox 1000 1630 1127 1668; x_wconf 79' lang='grc' dir='ltr'><em>φησιν</em></span> <span class='ocrx_word' id='word_1_173' title='bbox 1159 1614 1345 1655; x_wconf 83' lang='grc' dir='ltr'><em>κωλῦσαι</em></span> <span class='ocrx_word' id='word_1_174' title='bbox 1383 1614 1453 1667; x_wconf 80' lang='grc' dir='ltr'>τὴν</span> <span class='ocrx_word' id='word_1_175' title='bbox 1477 1615 1704 1669; x_wconf 76' lang='grc' dir='ltr'><em>γενομένην</em></span> <span class='ocrx_word' id='word_1_176' title='bbox 1736 1609 1903 1666; x_wconf 72' lang='grc' dir='ltr'><em>εἰρήνην.</em></span> <span class='ocrx_word' id='word_1_177' title='bbox 1923 1612 2025 1666; x_wconf 83' lang='grc' dir='ltr'><em>γρά-</em></span> 
     </span>
     <span class='ocr_line' id='line_1_22' title="bbox 362 1676 2025 1739; baseline -0.001 -13"><span class='ocrx_word' id='word_1_178' title='bbox 362 1702 439 1739; x_wconf 81' lang='grc' dir='ltr'>ψαι</span> <span class='ocrx_word' id='word_1_179' title='bbox 470 1686 595 1738; x_wconf 82' lang='grc' dir='ltr'><em>λόγον</em></span> <span class='ocrx_word' id='word_1_180' title='bbox 630 1686 735 1738; x_wconf 77' lang='grc' dir='ltr'><em>ὑπὲρ</em></span> <span class='ocrx_word' id='word_1_181' title='bbox 767 1691 838 1739; x_wconf 78' lang='grc' dir='ltr'>τῆς</span> <span class='ocrx_word' id='word_1_182' title='bbox 863 1686 1123 1738; x_wconf 42' lang='grc' dir='ltr'><em>(Ηρακλέους</em></span> <span class='ocrx_word' id='word_1_183' title='bbox 1160 1686 1403 1730; x_wconf 70' lang='grc' dir='ltr'><em>ἀθανασίας.</em></span> <span class='ocrx_word' id='word_1_184' title='bbox 1473 1684 1595 1735; x_wconf 83' lang='lat' dir='ltr'>Quae</span> <span class='ocrx_word' id='word_1_185' title='bbox 1633 1676 1778 1735; x_wconf 72' lang='lat' dir='ltr'>Verba,</span> <span class='ocrx_word' id='word_1_186' title='bbox 1812 1696 1910 1725; x_wconf 83' lang='lat' dir='ltr'>cum</span> <span class='ocrx_word' id='word_1_187' title='bbox 1943 1683 2025 1725; x_wconf 77' lang='lat' dir='ltr'>hac</span> 
     </span>
     <span class='ocr_line' id='line_1_23' title="bbox 365 1754 2026 1810; baseline -0.002 -11"><span class='ocrx_word' id='word_1_188' title='bbox 365 1757 551 1810; x_wconf 88' lang='lat' dir='ltr'>epistula</span> <span class='ocrx_word' id='word_1_189' title='bbox 584 1757 638 1798; x_wconf 93' lang='lat' dir='ltr'>de</span> <span class='ocrx_word' id='word_1_190' title='bbox 665 1757 780 1798; x_wconf 88' lang='lat' dir='ltr'>nulla</span> <span class='ocrx_word' id='word_1_191' title='bbox 814 1770 858 1798; x_wconf 89' lang='lat' dir='ltr'>re</span> <span class='ocrx_word' id='word_1_192' title='bbox 890 1759 1056 1808; x_wconf 82' lang='lat' dir='ltr'>agatur,</span> <span class='ocrx_word' id='word_1_193' title='bbox 1091 1769 1203 1809; x_wconf 87' lang='lat' dir='ltr'>quae</span> <span class='ocrx_word' id='word_1_194' title='bbox 1235 1769 1319 1798; x_wconf 90' lang='lat' dir='ltr'>non</span> <span class='ocrx_word' id='word_1_195' title='bbox 1355 1757 1419 1797; x_wconf 85' lang='lat' dir='ltr'>est</span> <span class='ocrx_word' id='word_1_196' title='bbox 1446 1755 1486 1796; x_wconf 93' lang='lat' dir='ltr'>in</span> <span class='ocrx_word' id='word_1_197' title='bbox 1519 1755 1669 1808; x_wconf 88' lang='lat' dir='ltr'>quinta</span> <span class='ocrx_word' id='word_1_198' title='bbox 1701 1754 1903 1797; x_wconf 88' lang='lat' dir='ltr'>Isocratis</span> <span class='ocrx_word' id='word_1_199' title='bbox 1928 1767 2026 1796; x_wconf 89' lang='lat' dir='ltr'>ora-</span> 
     </span>
     <span class='ocr_line' id='line_1_24' title="bbox 364 1825 2024 1880; baseline -0.002 -10"><span class='ocrx_word' id='word_1_200' title='bbox 364 1829 493 1879; x_wconf 90' lang='lat' dir='ltr'>tione,</span> <span class='ocrx_word' id='word_1_201' title='bbox 527 1829 750 1871; x_wconf 88' lang='lat' dir='ltr'>referenda</span> <span class='ocrx_word' id='word_1_202' title='bbox 782 1831 882 1870; x_wconf 89' lang='lat' dir='ltr'>sunt</span> <span class='ocrx_word' id='word_1_203' title='bbox 915 1829 969 1870; x_wconf 90' lang='lat' dir='ltr'>ad</span> <span class='ocrx_word' id='word_1_204' title='bbox 1015 1828 1247 1870; x_wconf 87' lang='lat' dir='ltr'>secundam</span> <span class='ocrx_word' id='word_1_205' title='bbox 1286 1826 1607 1880; x_wconf 84' lang='lat' dir='ltr'>paragraphum</span> <span class='ocrx_word' id='word_1_206' title='bbox 1647 1826 1757 1867; x_wconf 90' lang='lat' dir='ltr'>illius</span> <span class='ocrx_word' id='word_1_207' title='bbox 1789 1825 1944 1879; x_wconf 88' lang='lat' dir='ltr'>operis,</span> <span class='ocrx_word' id='word_1_208' title='bbox 1983 1825 2024 1866; x_wconf 91' lang='lat' dir='ltr'>in</span> 
     </span>
     <span class='ocr_line' id='line_1_25' title="bbox 364 1896 2026 1953; baseline -0.002 -12"><span class='ocrx_word' id='word_1_209' title='bbox 364 1913 450 1953; x_wconf 89' lang='lat' dir='ltr'>qua</span> <span class='ocrx_word' id='word_1_210' title='bbox 484 1900 584 1942; x_wconf 88' lang='lat' dir='ltr'>dicit</span> <span class='ocrx_word' id='word_1_211' title='bbox 616 1913 662 1941; x_wconf 91' lang='lat' dir='ltr'>se</span> <span class='ocrx_word' id='word_1_212' title='bbox 695 1900 805 1941; x_wconf 93' lang='lat' dir='ltr'>bello</span> <span class='ocrx_word' id='word_1_213' title='bbox 839 1900 893 1941; x_wconf 91' lang='lat' dir='ltr'>de</span> <span class='ocrx_word' id='word_1_214' title='bbox 925 1898 1172 1952; x_wconf 83' lang='lat' dir='ltr'>Amphipoli</span> <span class='ocrx_word' id='word_1_215' title='bbox 1205 1901 1326 1950; x_wconf 84' lang='lat' dir='ltr'>gesto</span> <span class='ocrx_word' id='word_1_216' title='bbox 1359 1898 1597 1951; x_wconf 86' lang='lat' dir='ltr'>suscepisse</span> <span class='ocrx_word' id='word_1_217' title='bbox 1638 1897 1692 1939; x_wconf 85' lang='lat' dir='ltr'>de</span> <span class='ocrx_word' id='word_1_218' title='bbox 1730 1897 1801 1939; x_wconf 90' lang='lat' dir='ltr'>illa</span> <span class='ocrx_word' id='word_1_219' title='bbox 1844 1896 1952 1938; x_wconf 88' lang='lat' dir='ltr'>urbe</span> <span class='ocrx_word' id='word_1_220' title='bbox 1983 1898 2026 1938; x_wconf 88' lang='lat' dir='ltr'>et</span> 
     </span>
     <span class='ocr_line' id='line_1_26' title="bbox 364 1967 2024 2024; baseline -0.002 -11"><span class='ocrx_word' id='word_1_221' title='bbox 364 1974 480 2014; x_wconf 90' lang='lat' dir='ltr'>terra</span> <span class='ocrx_word' id='word_1_222' title='bbox 495 1971 681 2013; x_wconf 89' lang='lat' dir='ltr'>scribere</span> <span class='ocrx_word' id='word_1_223' title='bbox 698 1971 745 2024; x_wconf 75' lang='lat'>⁵),</span> <span class='ocrx_word' id='word_1_224' title='bbox 768 1973 810 2012; x_wconf 90' lang='lat' dir='ltr'>et</span> <span class='ocrx_word' id='word_1_225' title='bbox 833 1973 1010 2024; x_wconf 90' lang='lat' dir='ltr'>propter</span> <span class='ocrx_word' id='word_1_226' title='bbox 1032 1983 1183 2023; x_wconf 86' lang='lat' dir='ltr'>pacem</span> <span class='ocrx_word' id='word_1_227' title='bbox 1207 1971 1362 2012; x_wconf 84' lang='lat' dir='ltr'>factam</span> <span class='ocrx_word' id='word_1_228' title='bbox 1385 1982 1431 2010; x_wconf 88' lang='lat' dir='ltr'>se</span> <span class='ocrx_word' id='word_1_229' title='bbox 1455 1969 1692 2010; x_wconf 91' lang='lat' dir='ltr'>orationem</span> <span class='ocrx_word' id='word_1_230' title='bbox 1715 1981 1803 2010; x_wconf 91' lang='lat' dir='ltr'>non</span> <span class='ocrx_word' id='word_1_231' title='bbox 1827 1967 2024 2010; x_wconf 88' lang='lat' dir='ltr'>edidisse.</span> 
     </span>
     <span class='ocr_line' id='line_1_27' title="bbox 368 2039 2029 2084; baseline -0.002 0"><span class='ocrx_word' id='word_1_232' title='bbox 368 2043 453 2084; x_wconf 85' lang='lat' dir='ltr'>Sed</span> <span class='ocrx_word' id='word_1_233' title='bbox 488 2043 719 2084; x_wconf 87' lang='lat' dir='ltr'>Isocratem</span> <span class='ocrx_word' id='word_1_234' title='bbox 761 2042 813 2083; x_wconf 91' lang='lat' dir='ltr'>de</span> <span class='ocrx_word' id='word_1_235' title='bbox 855 2042 1181 2084; x_wconf 82' lang='lat' dir='ltr'>immortalitate</span> <span class='ocrx_word' id='word_1_236' title='bbox 1213 2040 1407 2082; x_wconf 85' lang='lat' dir='ltr'>Herculis</span> <span class='ocrx_word' id='word_1_237' title='bbox 1448 2040 1634 2082; x_wconf 87' lang='lat' dir='ltr'>scribere</span> <span class='ocrx_word' id='word_1_238' title='bbox 1666 2039 1850 2081; x_wconf 90' lang='lat' dir='ltr'>voluisse</span> <span class='ocrx_word' id='word_1_239' title='bbox 1882 2039 2029 2081; x_wconf 88' lang='lat' dir='ltr'>rhetor</span> 
     </span>
     <span class='ocr_line' id='line_1_28' title="bbox 366 2114 542 2155; baseline 0.006 -1"><span class='ocrx_word' id='word_1_240' title='bbox 366 2114 542 2155; x_wconf 90' lang='lat' dir='ltr'>invenit.</span> 
     </span>
    </p>

    <p class='ocr_par' dir='ltr' id='par_1_5' title="bbox 365 2182 2027 2664">
     <span class='ocr_line' id='line_1_29' title="bbox 510 2182 2024 2237; baseline -0.003 -11"><span class='ocrx_word' id='word_1_241' title='bbox 510 2186 556 2226; x_wconf 87' lang='lat' dir='ltr'>In</span> <span class='ocrx_word' id='word_1_242' title='bbox 572 2183 830 2226; x_wconf 85' lang='lat' dir='ltr'>duodecima</span> <span class='ocrx_word' id='word_1_243' title='bbox 851 2187 975 2237; x_wconf 87' lang='lat' dir='ltr'>parte</span> <span class='ocrx_word' id='word_1_244' title='bbox 990 2183 1198 2236; x_wconf 87' lang='lat' dir='ltr'>epistulae</span> <span class='ocrx_word' id='word_1_245' title='bbox 1220 2183 1509 2236; x_wconf 88' lang='lat' dir='ltr'>comperimus</span> <span class='ocrx_word' id='word_1_246' title='bbox 1528 2182 1859 2235; x_wconf 90' lang='lat' dir='ltr'>Theopompum</span> <span class='ocrx_word' id='word_1_247' title='bbox 1881 2193 2024 2222; x_wconf 91' lang='lat' dir='ltr'>rerum</span> 
     </span>
     <span class='ocr_line' id='line_1_30' title="bbox 365 2252 2024 2309; baseline -0.002 -12"><span class='ocrx_word' id='word_1_248' title='bbox 365 2256 619 2309; x_wconf 88' lang='lat' dir='ltr'>scriptorem</span> <span class='ocrx_word' id='word_1_249' title='bbox 655 2256 770 2308; x_wconf 88' lang='lat' dir='ltr'>apud</span> <span class='ocrx_word' id='word_1_250' title='bbox 805 2255 1051 2308; x_wconf 85' lang='lat' dir='ltr'>Philippum</span> <span class='ocrx_word' id='word_1_251' title='bbox 1077 2255 1235 2296; x_wconf 88' lang='lat' dir='ltr'>morari</span> <span class='ocrx_word' id='word_1_252' title='bbox 1259 2257 1300 2295; x_wconf 89' lang='lat' dir='ltr'>et</span> <span class='ocrx_word' id='word_1_253' title='bbox 1326 2254 1553 2296; x_wconf 83' lang='lat' dir='ltr'>Platonem</span> <span class='ocrx_word' id='word_1_254' title='bbox 1582 2253 1783 2295; x_wconf 87' lang='lat' dir='ltr'>conviciis</span> <span class='ocrx_word' id='word_1_255' title='bbox 1807 2252 2024 2305; x_wconf 88' lang='lat' dir='ltr'>persequi.</span> 
     </span>
     <span class='ocr_line' id='line_1_31' title="bbox 365 2323 2026 2380; baseline -0.001 -12"><span class='ocrx_word' id='word_1_256' title='bbox 365 2328 480 2369; x_wconf 90' lang='lat' dir='ltr'>Idem</span> <span class='ocrx_word' id='word_1_257' title='bbox 517 2328 768 2370; x_wconf 85' lang='lat' dir='ltr'>Athenaeus</span> <span class='ocrx_word' id='word_1_258' title='bbox 800 2327 1036 2369; x_wconf 85' lang='lat' dir='ltr'>memoriae</span> <span class='ocrx_word' id='word_1_259' title='bbox 1068 2326 1255 2379; x_wconf 89' lang='lat' dir='ltr'>prodidit</span> <span class='ocrx_word' id='word_1_260' title='bbox 1290 2325 1379 2380; x_wconf 86' lang='lat' dir='ltr'>(XI,</span> <span class='ocrx_word' id='word_1_261' title='bbox 1412 2339 1454 2378; x_wconf 92' lang='lat' dir='ltr'>p.</span> <span class='ocrx_word' id='word_1_262' title='bbox 1476 2326 1561 2366; x_wconf 82' lang='lat'>508</span> <span class='ocrx_word' id='word_1_263' title='bbox 1583 2324 1652 2378; x_wconf 80' lang='lat' dir='ltr'>C):</span> <span class='ocrx_word' id='word_1_264' title='bbox 1703 2324 1807 2369; x_wconf 78' lang='grc' dir='ltr'><em>Τοὺς</em></span> <span class='ocrx_word' id='word_1_265' title='bbox 1844 2323 2026 2368; x_wconf 80' lang='grc' dir='ltr'><em>πολλούς</em></span> 
     </span>
     <span class='ocr_line' id='line_1_32' title="bbox 366 2394 2026 2452; baseline -0.003 -13"><span class='ocrx_word' id='word_1_266' title='bbox 366 2415 492 2452; x_wconf 78' lang='grc' dir='ltr'><em>φησιν</em></span> <span class='ocrx_word' id='word_1_267' title='bbox 524 2403 607 2439; x_wconf 83' lang='grc' dir='ltr'>τῶν</span> <span class='ocrx_word' id='word_1_268' title='bbox 637 2399 845 2451; x_wconf 76' lang='grc' dir='ltr'><em>διαλόγων</em></span> <span class='ocrx_word' id='word_1_269' title='bbox 876 2399 1003 2438; x_wconf 76' lang='grc' dir='ltr'><em>αὐτοῦ</em></span> <span class='ocrx_word' id='word_1_270' title='bbox 1035 2398 1227 2451; x_wconf 75' lang='grc' dir='ltr'><em>ἀχρείους</em></span> <span class='ocrx_word' id='word_1_271' title='bbox 1259 2397 1328 2438; x_wconf 79' lang='grc' dir='ltr'>καὶ</span> <span class='ocrx_word' id='word_1_272' title='bbox 1361 2396 1528 2448; x_wconf 73' lang='grc' dir='ltr'><em>ψευδεῖς</em></span> <span class='ocrx_word' id='word_1_273' title='bbox 1559 2397 1610 2436; x_wconf 80' lang='grc' dir='ltr'>ἄν</span> <span class='ocrx_word' id='word_1_274' title='bbox 1643 2411 1698 2440; x_wconf 92' lang='grc' dir='ltr'>τις</span> <span class='ocrx_word' id='word_1_275' title='bbox 1728 2395 1863 2446; x_wconf 76' lang='grc' dir='ltr'><em>εὕροι·</em></span> <span class='ocrx_word' id='word_1_276' title='bbox 1904 2394 2026 2434; x_wconf 81' lang='grc' dir='ltr'><em>ἀλλο-</em></span> 
     </span>
     <span class='ocr_line' id='line_1_33' title="bbox 366 2465 2025 2522; baseline -0.003 -12"><span class='ocrx_word' id='word_1_277' title='bbox 366 2470 503 2522; x_wconf 78' lang='grc' dir='ltr'><em>τρίους</em></span> <span class='ocrx_word' id='word_1_278' title='bbox 536 2469 581 2510; x_wconf 73' lang='grc' dir='ltr'>δὲ</span> <span class='ocrx_word' id='word_1_279' title='bbox 608 2469 703 2515; x_wconf 74' lang='grc' dir='ltr'><em>τοὺς</em></span> <span class='ocrx_word' id='word_1_280' title='bbox 724 2470 937 2514; x_wconf 80' lang='grc' dir='ltr'><em>πλείστους</em></span> <span class='ocrx_word' id='word_1_281' title='bbox 957 2470 1076 2513; x_wconf 83' lang='grc' dir='ltr'><em>ὄντας</em></span> <span class='ocrx_word' id='word_1_282' title='bbox 1097 2469 1142 2509; x_wconf 79' lang='grc' dir='ltr'>ἐκ</span> <span class='ocrx_word' id='word_1_283' title='bbox 1164 2472 1247 2508; x_wconf 81' lang='grc' dir='ltr'>τῶν</span> <span class='ocrx_word' id='word_1_284' title='bbox 1266 2468 1531 2520; x_wconf 76' lang='grc' dir='ltr'><em>Ἀριστίππου</em></span> <span class='ocrx_word' id='word_1_285' title='bbox 1553 2467 1787 2519; x_wconf 80' lang='grc' dir='ltr'><em>διατριβῶν,</em></span> <span class='ocrx_word' id='word_1_286' title='bbox 1820 2466 1953 2510; x_wconf 79' lang='grc' dir='ltr'><em>ἐνίους</em></span> <span class='ocrx_word' id='word_1_287' title='bbox 1979 2465 2025 2505; x_wconf 81' lang='grc' dir='ltr'>δὲ</span> 
     </span>
     <span class='ocr_line' id='line_1_34' title="bbox 366 2535 2026 2589; baseline -0.003 -8"><span class='ocrx_word' id='word_1_288' title='bbox 366 2541 548 2582; x_wconf 75' lang='grc' dir='ltr'><em>καὶτῶν</em></span> <span class='ocrx_word' id='word_1_289' title='bbox 593 2541 891 2586; x_wconf 73' lang='grc' dir='ltr'><em>Ἀντισθένους,</em></span> <span class='ocrx_word' id='word_1_290' title='bbox 934 2540 1114 2584; x_wconf 78' lang='grc' dir='ltr'><em>πολλοὺς</em></span> <span class='ocrx_word' id='word_1_291' title='bbox 1159 2539 1204 2580; x_wconf 72' lang='grc' dir='ltr'>δὲ</span> <span class='ocrx_word' id='word_1_292' title='bbox 1249 2539 1333 2579; x_wconf 77' lang='grc' dir='ltr'>κάκ</span> <span class='ocrx_word' id='word_1_293' title='bbox 1378 2542 1460 2578; x_wconf 81' lang='grc' dir='ltr'>τῶν</span> <span class='ocrx_word' id='word_1_294' title='bbox 1506 2538 1739 2589; x_wconf 79' lang='grc' dir='ltr'><em>Βρύσωνος</em></span> <span class='ocrx_word' id='word_1_295' title='bbox 1784 2540 1855 2577; x_wconf 81' lang='grc' dir='ltr'>τοῦ</span> <span class='ocrx_word' id='word_1_296' title='bbox 1897 2535 2026 2588; x_wconf 81' lang='grc' dir='ltr'><em>Ἠρα-</em></span> 
     </span>
     <span class='ocr_line' id='line_1_35' title="bbox 366 2606 2027 2664; baseline -0.002 -12"><span class='ocrx_word' id='word_1_297' title='bbox 366 2612 564 2652; x_wconf 78' lang='grc' dir='ltr'><em>κλεώτου.</em></span> <span class='ocrx_word' id='word_1_298' title='bbox 628 2611 815 2653; x_wconf 86' lang='lat' dir='ltr'>Maxime</span> <span class='ocrx_word' id='word_1_299' title='bbox 847 2611 1030 2664; x_wconf 89' lang='lat' dir='ltr'>scriptor</span> <span class='ocrx_word' id='word_1_300' title='bbox 1060 2610 1345 2663; x_wconf 85' lang='lat' dir='ltr'>Theopompo</span> <span class='ocrx_word' id='word_1_301' title='bbox 1379 2608 1543 2650; x_wconf 89' lang='lat' dir='ltr'>crimini</span> <span class='ocrx_word' id='word_1_302' title='bbox 1584 2608 1671 2657; x_wconf 86' lang='lat' dir='ltr'>dat,</span> <span class='ocrx_word' id='word_1_303' title='bbox 1711 2608 1827 2660; x_wconf 89' lang='lat' dir='ltr'>quod</span> <span class='ocrx_word' id='word_1_304' title='bbox 1869 2606 2027 2648; x_wconf 89' lang='lat' dir='ltr'>dixerit</span> 
     </span>
    </p>
   </div>
   <div class='ocr_carea' id='block_1_4' title="bbox 643 2700 827 2703">
    <p class='ocr_par' dir='ltr' id='par_1_6' title="bbox 643 2700 827 2703">
     <span class='ocr_line' id='line_1_36' title="bbox 643 2700 827 2703; baseline 0 0"><span class='ocrx_word' id='word_1_305' title='bbox 643 2700 827 2703; x_wconf 95' lang='lat' dir='ltr'> </span> 
     </span>
    </p>
   </div>
   <div class='ocr_carea' id='block_1_5' title="bbox 365 2744 2025 3082">
    <p class='ocr_par' dir='ltr' id='par_1_7' title="bbox 509 2744 1979 2791">
     <span class='ocr_line' id='line_1_37' title="bbox 509 2744 1979 2791; baseline -0.004 -9"><span class='ocrx_word' id='word_1_306' title='bbox 509 2748 532 2789; x_wconf 83' lang='lat'>¹)</span> <span class='ocrx_word' id='word_1_307' title='bbox 560 2748 646 2791; x_wconf 68' lang='grc' dir='ltr'><em>ι’·πὲρ</em></span> <span class='ocrx_word' id='word_1_308' title='bbox 671 2748 844 2791; x_wconf 83' lang='grc' dir='ltr'><em>βασιλείας</em></span> <span class='ocrx_word' id='word_1_309' title='bbox 871 2747 984 2781; x_wconf 84' lang='grc' dir='ltr'><em>στάσει</em></span> <span class='ocrx_word' id='word_1_310' title='bbox 1010 2747 1177 2790; x_wconf 76' lang='grc' dir='ltr'><em>νικηθείς.</em></span> <span class='ocrx_word' id='word_1_311' title='bbox 1323 2744 1349 2787; x_wconf 76' lang='grc'>2)</span> <span class='ocrx_word' id='word_1_312' title='bbox 1376 2746 1481 2778; x_wconf 89' lang='lat' dir='ltr'>Diod.</span> <span class='ocrx_word' id='word_1_313' title='bbox 1509 2745 1608 2786; x_wconf 91' lang='lat' dir='ltr'>XIX,</span> <span class='ocrx_word' id='word_1_314' title='bbox 1630 2746 1685 2786; x_wconf 82' lang='lat'>92,</span> <span class='ocrx_word' id='word_1_315' title='bbox 1707 2747 1744 2785; x_wconf 72' lang='lat'>35</span> <span class='ocrx_word' id='word_1_316' title='bbox 1773 2745 1848 2786; x_wconf 88' lang='lat' dir='ltr'>XV,</span> <span class='ocrx_word' id='word_1_317' title='bbox 1871 2746 1925 2786; x_wconf 87' lang='grc'>19,</span> <span class='ocrx_word' id='word_1_318' title='bbox 1947 2746 1979 2777; x_wconf 87' lang='grc'>2.</span> 
     </span>
    </p>

    <p class='ocr_par' dir='ltr' id='par_1_8' title="bbox 365 2801 2025 2967">
     <span class='ocr_line' id='line_1_38' title="bbox 510 2801 2025 2849; baseline -0.003 -9"><span class='ocrx_word' id='word_1_319' title='bbox 510 2806 535 2848; x_wconf 76' lang='lat'>³)</span> <span class='ocrx_word' id='word_1_320' title='bbox 562 2817 617 2848; x_wconf 85' lang='lat' dir='ltr'>ep.</span> <span class='ocrx_word' id='word_1_321' title='bbox 647 2809 760 2849; x_wconf 92' lang='lat' dir='ltr'>XXX,</span> <span class='ocrx_word' id='word_1_322' title='bbox 783 2810 843 2840; x_wconf 91' lang='lat'>10:</span> <span class='ocrx_word' id='word_1_323' title='bbox 883 2805 1088 2849; x_wconf 78' lang='grc' dir='ltr'><em>Παρήνεγκε</em></span> <span class='ocrx_word' id='word_1_324' title='bbox 1123 2805 1161 2838; x_wconf 85' lang='grc' dir='ltr'>δέ</span> <span class='ocrx_word' id='word_1_325' title='bbox 1194 2818 1246 2838; x_wconf 89' lang='grc' dir='ltr'>σοι</span> <span class='ocrx_word' id='word_1_326' title='bbox 1282 2803 1341 2838; x_wconf 83' lang='grc' dir='ltr'>καὶ</span> <span class='ocrx_word' id='word_1_327' title='bbox 1376 2802 1438 2847; x_wconf 78' lang='grc' dir='ltr'>τὴν</span> <span class='ocrx_word' id='word_1_328' title='bbox 1469 2803 1652 2836; x_wconf 84' lang='grc' dir='ltr'><em>Διονυσίου</em></span> <span class='ocrx_word' id='word_1_329' title='bbox 1683 2803 1876 2846; x_wconf 83' lang='grc' dir='ltr'><em>μοναρχίαν</em></span> <span class='ocrx_word' id='word_1_330' title='bbox 1907 2801 2025 2844; x_wconf 84' lang='grc' dir='ltr'><em>ὥσπερ</em></span> 
     </span>
     <span class='ocr_line' id='line_1_39' title="bbox 365 2858 2025 2909; baseline -0.005 -9"><span class='ocrx_word' id='word_1_331' title='bbox 365 2866 546 2909; x_wconf 76' lang='grc' dir='ltr'><em>προσῆκόν</em></span> <span class='ocrx_word' id='word_1_332' title='bbox 580 2879 633 2899; x_wconf 82' lang='grc' dir='ltr'><em>σοι.</em></span> <span class='ocrx_word' id='word_1_333' title='bbox 669 2864 748 2902; x_wconf 75' lang='grc' dir='ltr'><em>τοὺς</em></span> <span class='ocrx_word' id='word_1_334' title='bbox 782 2864 1042 2909; x_wconf 82' lang='grc' dir='ltr'><em>ἀσεβεστάτους,</em></span> <span class='ocrx_word' id='word_1_335' title='bbox 1082 2863 1157 2896; x_wconf 74' lang='grc' dir='ltr'><em>ἀλλ’</em></span> <span class='ocrx_word' id='word_1_336' title='bbox 1197 2863 1238 2896; x_wconf 86' lang='grc' dir='ltr'>οὐ</span> <span class='ocrx_word' id='word_1_337' title='bbox 1272 2861 1352 2899; x_wconf 82' lang='grc' dir='ltr'><em>τοὺς</em></span> <span class='ocrx_word' id='word_1_338' title='bbox 1386 2860 1679 2898; x_wconf 79' lang='grc' dir='ltr'><em>σπουδαιοτάτους</em></span> <span class='ocrx_word' id='word_1_339' title='bbox 1712 2860 1931 2904; x_wconf 77' lang='grc' dir='ltr'><em>μιμήσασθαι</em></span> <span class='ocrx_word' id='word_1_340' title='bbox 1965 2858 2025 2893; x_wconf 89' lang='grc' dir='ltr'>καὶ</span> 
     </span>
     <span class='ocr_line' id='line_1_40' title="bbox 368 2920 1553 2967; baseline -0.003 -10"><span class='ocrx_word' id='word_1_341' title='bbox 368 2923 526 2967; x_wconf 75' lang='grc' dir='ltr'><em>ζηλωτὴν</em></span> <span class='ocrx_word' id='word_1_342' title='bbox 552 2928 621 2957; x_wconf 85' lang='grc' dir='ltr'>τῶν</span> <span class='ocrx_word' id='word_1_343' title='bbox 646 2924 837 2965; x_wconf 82' lang='grc' dir='ltr'><em>κακίστων,</em></span> <span class='ocrx_word' id='word_1_344' title='bbox 862 2922 936 2957; x_wconf 82' lang='grc' dir='ltr'><em>ἀλλ’</em></span> <span class='ocrx_word' id='word_1_345' title='bbox 966 2922 1007 2956; x_wconf 78' lang='grc' dir='ltr'>οὗ</span> <span class='ocrx_word' id='word_1_346' title='bbox 1034 2926 1103 2955; x_wconf 84' lang='grc' dir='ltr'>τῶν</span> <span class='ocrx_word' id='word_1_347' title='bbox 1129 2921 1359 2955; x_wconf 84' lang='grc' dir='ltr'><em>δικαιοτάτων</em></span> <span class='ocrx_word' id='word_1_348' title='bbox 1384 2920 1553 2964; x_wconf 76' lang='grc' dir='ltr'><em>γενέσθαι.</em></span> 
     </span>
    </p>

    <p class='ocr_par' dir='ltr' id='par_1_9' title="bbox 369 2978 2024 3082">
     <span class='ocr_line' id='line_1_41' title="bbox 508 2978 2024 3025; baseline -0.005 -10"><span class='ocrx_word' id='word_1_349' title='bbox 508 2983 535 3022; x_wconf 78' lang='lat'>⁴)</span> <span class='ocrx_word' id='word_1_350' title='bbox 572 2984 615 3015; x_wconf 80' lang='lat' dir='ltr'>cf.</span> <span class='ocrx_word' id='word_1_351' title='bbox 652 2984 718 3015; x_wconf 88' lang='lat' dir='ltr'>Ed.</span> <span class='ocrx_word' id='word_1_352' title='bbox 747 2984 881 3023; x_wconf 86' lang='lat' dir='ltr'>Meyer,</span> <span class='ocrx_word' id='word_1_353' title='bbox 918 2982 1094 3014; x_wconf 83' lang='lat' dir='ltr'>Paul.-W.</span> <span class='ocrx_word' id='word_1_354' title='bbox 1124 2982 1192 3022; x_wconf 87' lang='grc' dir='ltr'><strong>ΙΙΙ,</strong></span> <span class='ocrx_word' id='word_1_355' title='bbox 1224 2984 1255 3025; x_wconf 82' lang='lat'>1,</span> <span class='ocrx_word' id='word_1_356' title='bbox 1281 2990 1314 3021; x_wconf 93' lang='lat' dir='ltr'>p.</span> <span class='ocrx_word' id='word_1_357' title='bbox 1344 2982 1419 3012; x_wconf 86' lang='lat'>147.</span> <span class='ocrx_word' id='word_1_358' title='bbox 1473 2980 1514 3011; x_wconf 89' lang='lat' dir='ltr'>K.</span> <span class='ocrx_word' id='word_1_359' title='bbox 1542 2980 1581 3011; x_wconf 93' lang='lat' dir='ltr'>O.</span> <span class='ocrx_word' id='word_1_360' title='bbox 1609 2979 1752 3019; x_wconf 77' lang='lat' dir='ltr'>Miiller,</span> <span class='ocrx_word' id='word_1_361' title='bbox 1787 2978 2024 3011; x_wconf 85' lang='lat' dir='ltr'>Geschichten</span> 
     </span>
     <span class='ocr_line' id='line_1_42' title="bbox 369 3041 1287 3082; baseline -0.002 -9"><span class='ocrx_word' id='word_1_362' title='bbox 369 3043 611 3073; x_wconf 79' lang='lat' dir='ltr'>liellenischer</span> <span class='ocrx_word' id='word_1_363' title='bbox 637 3042 796 3074; x_wconf 71' lang='lat' dir='ltr'>Stamme</span> <span class='ocrx_word' id='word_1_364' title='bbox 823 3051 857 3073; x_wconf 89' lang='lat' dir='ltr'>u.</span> <span class='ocrx_word' id='word_1_365' title='bbox 886 3041 1020 3082; x_wconf 71' lang='lat' dir='ltr'>Stadte,</span> <span class='ocrx_word' id='word_1_366' title='bbox 1049 3041 1077 3082; x_wconf 95' lang='lat' dir='ltr'>I,</span> <span class='ocrx_word' id='word_1_367' title='bbox 1105 3050 1139 3080; x_wconf 91' lang='lat' dir='ltr'>p.</span> <span class='ocrx_word' id='word_1_368' title='bbox 1163 3041 1230 3072; x_wconf 86' lang='lat'>340</span> <span class='ocrx_word' id='word_1_369' title='bbox 1244 3049 1287 3071; x_wconf 88' lang='lat' dir='ltr'>ss.</span> 
     </span>
    </p>
   </div>
   <div class='ocr_carea' id='block_1_6' title="bbox 510 3094 1780 3143">
    <p class='ocr_par' dir='ltr' id='par_1_10' title="bbox 510 3094 1780 3143">
     <span class='ocr_line' id='line_1_43' title="bbox 510 3094 1780 3143; baseline -0.004 -11"><span class='ocrx_word' id='word_1_370' title='bbox 510 3099 536 3141; x_wconf 55' lang='grc' dir='ltr'>ἦ)</span> <span class='ocrx_word' id='word_1_371' title='bbox 562 3100 766 3143; x_wconf 66' lang='grc' dir='ltr'><em>ἐπεχείρησα</em></span> <span class='ocrx_word' id='word_1_372' title='bbox 793 3099 899 3142; x_wconf 64' lang='grc' dir='ltr'><em>λέγειν</em></span> <span class='ocrx_word' id='word_1_373' title='bbox 923 3101 1006 3141; x_wconf 74' lang='grc' dir='ltr'>περί</span> <span class='ocrx_word' id='word_1_374' title='bbox 1029 3112 1061 3130; x_wconf 64' lang='grc' dir='ltr'>τε</span> <span class='ocrx_word' id='word_1_375' title='bbox 1088 3103 1146 3141; x_wconf 75' lang='grc' dir='ltr'>τῆς</span> <span class='ocrx_word' id='word_1_376' title='bbox 1171 3097 1306 3134; x_wconf 77' lang='grc' dir='ltr'><em>πόλεως</em></span> <span class='ocrx_word' id='word_1_377' title='bbox 1332 3098 1455 3138; x_wconf 75' lang='grc' dir='ltr'><em>ταύτης</em></span> <span class='ocrx_word' id='word_1_378' title='bbox 1481 3095 1540 3128; x_wconf 80' lang='grc' dir='ltr'>καὶ</span> <span class='ocrx_word' id='word_1_379' title='bbox 1568 3099 1626 3138; x_wconf 74' lang='grc' dir='ltr'>τῆς</span> <span class='ocrx_word' id='word_1_380' title='bbox 1651 3094 1780 3138; x_wconf 76' lang='grc' dir='ltr'><em>χώρας.</em></span> 
     </span>
    </p>
   </div>
  </div>
 </body>
</html>
