2254 3496
1209 252 1260 289 46

402 367 543 409 forma
585 360 851 415 Phrynichus
895 359 1014 414 (Lob.
1058 374 1098 413 p.
1133 361 1219 402 364
1233 360 1308 414 ss.)
1348 361 1468 403 dicit:
1512 361 1806 415 πληθυντικῶς
1842 361 2062 416 φυλάττου.

401 434 441 473 οἷ
472 433 550 485 γὰρ
584 432 752 484 δόκιμοι
783 431 962 485 χρηστὸς
994 431 1038 472 τὸ
1071 431 1179 484 ἦθος
1211 432 1361 477 ἑνικῶς
1393 447 1519 485 φασιν
1550 432 1620 473 καὶ
1652 433 1702 473 οὗ
1737 432 1784 473 τὰ
1811 433 1910 486 ἤθη.
1949 431 2063 474 Con·

403 503 512 546 feras
546 503 675 544 verba
708 502 1026 544 Antiatticistae
1055 502 1247 555 (Becker,
1272 503 1423 545 anecd.
1444 516 1486 556 p.
1508 502 1604 557 98):
1637 504 1931 557 πληθυντικῶς
1961 518 2064 557 φασι

399 574 457 628 μὴ
493 575 577 615 δεῖν
608 575 750 626 λέγειν,
784 574 870 614 ἄλλ’
907 575 1071 618 ἑνικῶς.

541 643 792 700 πρόσθεμα
825 643 872 698 (1,
894 645 953 698 4).
1018 645 1153 686 Vett.:
1186 646 1432 699 πρόσθημα.
1494 645 1788 688 Alexandrina
1815 647 1958 703 aetate
1983 644 2062 699 syl·

353 702 362 712 ’
401 716 542 758 labam
571 715 882 769 paenultimam
911 728 1059 757 eorum
1082 716 1465 767 substantivorum,
1488 729 1601 770 quae
1621 716 1662 758 in
1689 732 1792 769 -ημα
1819 715 2062 766 ceciderint,

407 789 649 840 correptam
685 800 779 828 esse
810 787 1029 829 affirmant
1061 787 1183 828 Blass
1200 786 1246 840 1),
1279 786 1520 829 Schweizer
1536 786 1582 841 2),
1615 786 1784 840 Mayser
1799 787 1846 841 3).

540 856 753 907 Πυθίοις
786 858 933 908 (ΧΧΧ,
958 857 1015 912 8).
1080 856 1174 913 [παὶ
1211 858 1351 911 λαβεῖν
1389 857 1523 899 ἆθλον
1554 857 1736 903 Πυθίοις
1774 863 1844 912 τῆς
1875 858 1931 903 εἰς
1963 857 2062 898 Δελ-

401 929 510 983 φοὺς
543 927 789 984 οτρατείας].
853 929 965 980 Quid
1005 929 1083 973 sibi
1117 928 1218 971 velit
1255 929 1323 970 ille
1355 929 1542 979 dativus,
1584 942 1669 970 non
1702 931 1818 971 recte
1850 927 2063 981 intellego.

401 1000 527 1042 Certe
570 1003 633 1043 est
674 1014 751 1054 pro
793 1001 836 1041 ἐν
873 1000 1063 1051 Πυθίοις,
1097 1002 1144 1042 ut
1166 1000 1484 1056 habemusap.
1517 1013 1640 1051 rece.,
1674 1000 1791 1042 velut
1823 999 1970 1042 Strab.
2003 999 2063 1054 (6,

402 1070 520 1125 200),
555 1071 646 1114 Ael.
681 1071 736 1126 (v.
771 1072 812 1113 h.
848 1071 968 1125 3,1),
1002 1071 1113 1113 Plut.
1147 1085 1338 1125 sympos.
1372 1072 1413 1122 2,
1435 1072 1474 1122 4,
1507 1085 1549 1125 p.
1583 1071 1669 1113 638
1686 1058 1772 1126 Β)].

541 1143 610 1185 ΙΙΙ.
646 1142 780 1185 Venio
814 1156 926 1184 nunc
956 1143 1013 1186 ad
1046 1143 1251 1185 nonnulla
1285 1143 1430 1193 verba,
1464 1155 1577 1196 quae
1609 1143 1827 1185 veteribus
1857 1141 2064 1196 tempori-

401 1214 481 1255 bus
514 1227 539 1257 a
572 1215 711 1267 poetis
744 1215 844 1256 solis
877 1214 1197 1256 adhibebantur
1229 1217 1271 1256 et
1303 1227 1416 1268 quae
1447 1217 1600 1268 postea
1638 1214 1766 1256 etiam
1800 1213 1856 1255 ab
1888 1213 1952 1264 iis,
1991 1211 2064 1267 qui

403 1286 600 1328 oratione
632 1286 775 1328 soluta
807 1286 1053 1336 utebantur,
1085 1287 1246 1339 scripta
1278 1288 1392 1328 sunt.
2051 1287 2053 1290 '

545 1359 705 1406 ἄστεος
737 1357 883 1411 (XVII,
906 1358 951 1407 3;
982 1357 1132 1407 XXIV,
1153 1357 1179 1398 2
1206 1356 1302 1412 bis).
1354 1357 1494 1407 Quam
1524 1357 1705 1398 formam
1734 1355 1850 1398 vocis
1877 1354 2064 1399 usitatae

402 1441 486 1469 non
520 1428 732 1470 habemus
764 1428 843 1469 nisi
877 1441 946 1481 ap.
1010 1427 1137 1469 Hom.
1172 1441 1332 1481 eosque
1364 1430 1530 1481 poetas,
1562 1427 1635 1481 qui
1668 1440 1754 1468 non
1787 1425 1929 1468 Attice
1960 1424 2064 1474 scri-

401 1499 510 1540 bunt
542 1501 584 1541 et
615 1512 738 1550 recc.,
771 1499 887 1541 velut
918 1499 1062 1542 Strab.
1096 1502 1135 1540 et
1169 1498 1274 1541 Phil.
1293 1498 1341 1553 4).

542 1569 713 1625 κομιδή
748 1569 897 1624 (ΧΙΧ),
931 1583 1046 1620 cura,
1081 1570 1258 1612 curatio.
1322 1569 1449 1612 Hom.
1478 1569 1599 1611 Pind.
1628 1568 1690 1623 (P.
1718 1569 1758 1620 6,
1781 1568 1854 1622 39)
1883 1571 1925 1610 et
1950 1580 2058 1610 rece.

402 1644 449 1682 ut
482 1641 666 1695 Oppian.
701 1641 811 1696 (eyn.
847 1642 886 1691 3,
913 1641 1028 1695 113).

542 1711 689 1757 θαλία
721 1712 887 1767 (XVIII,
915 1711 970 1766 1),
1004 1711 1095 1754 dies
1128 1712 1261 1753 festus
1295 1711 1359 1752 vel
1393 1711 1634 1752 convivium
1671 1710 1829 1752 laetum
1870 1712 1912 1751 et
1944 1708 2061 1751 festi-

402 1796 515 1825 vum.
579 1783 721 1834 Hom,
766 1783 880 1832 Hes,
922 1785 1076 1835 poetae
1119 1782 1247 1836 lyrici,
1291 1782 1401 1828 Eur..
1444 1782 1516 1823 Ar.
1563 1781 1712 1835 (semel
1744 1779 1972 1834 Herodot.)
2018 1782 2061 1822 et

402 1868 508 1897 rece.
544 1854 653 1896 Plut.
688 1854 844 1896 Athen.

544 1924 780 1967 συντέλεια
795 1925 946 1978 (ΧΧΧ,
962 1924 1005 1978 8)
1028 1923 1119 1979 [τῆς
1139 1930 1222 1965 τῶν
1236 1925 1557 1978 Ἀμφικτυόνων
1577 1924 1804 1969 συντελείας
1829 1921 2060 1978 μετέσχον]
2095 1979 2097 1981 ¹

402 1998 481 2051 Ap.
516 1997 623 2039 Plat.
658 1999 699 2038 et
731 1996 837 2039 alios
860 2016 915 2030 =
937 1996 1049 2038 actio
1076 1996 1237 2049 aliquid
1265 1995 1508 2037 conserendi
1538 1995 1602 2036 vel
1628 1995 1733 2036 ordo
1761 1997 1914 2036 certus.
1965 1993 2065 2035 Erat

402 2068 513 2109 enim
558 2067 740 2109 Athenis
782 2067 888 2108 ordo
932 2067 1110 2120 quidam
1152 2066 1396 2119 quindecim
1439 2066 1504 2107 vel
1547 2066 1731 2107 sedecim
1775 2065 1946 2114 civium,
1989 2063 2063 2117 qui

403 2139 491 2180 suis
524 2139 767 2191 sumptibus
802 2151 954 2180 navem
985 2139 1157 2191 longam
1185 2137 1412 2179 ornabant.
1460 2137 1551 2178 Hoc
1578 2137 1671 2178 loco
1698 2135 1910 2188 significat
1933 2135 2062 2176 socie·
2116 2137 2118 2139 ’

403 2212 536 2251 tatem
570 2210 821 2263 quamlibet,
855 2223 968 2262 quae
1006 2210 1124 2250 notio
1158 2209 1255 2250 huic
1290 2209 1419 2250 verbo
1458 2208 1589 2249 semel
1629 2208 1684 2249 ab
1716 2206 1930 2260 Aeschylo
1962 2206 2064 2248 sub-

403 2281 553 2323 stituta
586 2283 650 2323 est
683 2281 817 2335 (Sept.
853 2281 970 2334 251),
1005 2294 1100 2322 cum
1136 2293 1298 2329 eorum,
1333 2280 1406 2333 qui
1433 2280 1629 2322 oratione
1654 2277 1841 2332 pedestri
1868 2278 2062 2326 utuntur,

401 2352 564 2405 primus
597 2352 800 2405 Polybius
841 2352 943 2393 illud
978 2352 1234 2394 vocabulum
1278 2352 1319 2392 in
1362 2351 1471 2392 hanc
1511 2350 1769 2392 sententiam
1802 2347 2063 2397 adhibuerit,

402 2436 527 2476 quem
562 2436 668 2465 rece.
704 2422 860 2477 (Diod.‚
893 2423 1035 2473 Paus.,
1070 2422 1198 2476 illut.)
1232 2424 1483 2475 sequuntur.

545 2495 611 2535 IV.
646 2494 872 2536 Postremo
894 2508 966 2536 eas
990 2507 1115 2536 voees
1144 2493 1424 2541 enumerabo,
1446 2505 1558 2545 quae
1584 2491 1700 2544 apud
1728 2493 1893 2532 veteres
1919 2502 2063 2541 rerum

403 2565 634 2618 scriptores
656 2578 755 2607 raro
777 2565 1051 2606 inveniuntur
1079 2567 1120 2606 et
1144 2578 1257 2618 quae
1270 2563 1581 2617 posterioribus
1596 2574 1753 2613 magno
1769 2561 1864 2603 usui
1878 2562 2063 2603 fuerunt.

542 2639 755 2692 εὐφημία
788 2636 874 2689 (VI,
897 2636 954 2690 3).
1020 2636 1100 2689 Ap.
1131 2639 1231 2678 vett.
1267 2638 1330 2677 est
1355 2635 1532 2676 verbum
1562 2634 1777 2686 εὐφημεῖν,
1805 2632 1923 2685 quod
1948 2631 2064 2674 Lati-

403 2721 505 2749 num
550 2708 691 2750 favere
733 2707 900 2759 linguis.
964 2707 1050 2749 Sed
1086 2707 1175 2749 iam
1220 2720 1289 2760 ap.
1323 2706 1444 2747 Pind.
1489 2707 1530 2746 et
1575 2704 1710 2754 Dem.,
1752 2703 1962 2757 imprimis
1993 2716 2062 2756 ap.

403 2792 510 2821 rece.
546 2778 865 2820 substantivum
898 2779 1082 2832 εὐφημία
1117 2778 1276 2819 bonam
1311 2778 1470 2818 samam
1505 2775 1726 2828 significat.

548 2905 568 2945 ¹)
597 2906 757 2938 Graium.
787 2906 848 2937 des
874 2906 998 2936 Neuen
1025 2904 1258 2943 Testaments,
1286 2912 1319 2943 p.
1343 2904 1396 2935 66.

545 2964 569 3005 2)
596 2966 757 2997 Gramm.
786 2965 851 2996 der
877 2961 1200 3004 pergamenischen
1228 2962 1461 3002 Inschriften,
1487 2970 1521 3001 p.
1543 2963 1587 2993 48
1601 2970 1627 2992 s.

546 3023 572 3064 3)
597 3025 758 3057 Gramm.
781 3025 846 3055 der
866 3023 1000 3063 griech.
1023 3023 1160 3062 Papyri
1182 3031 1247 3053 aus
1268 3022 1334 3053 der
1353 3021 1637 3061 Ptolemaerzeit,
1658 3029 1692 3059 p.
1715 3021 1768 3051 65.
1808 3019 1852 3051 cf.
1869 3018 2062 3058 Warning,

403 3093 437 3124 p.
460 3086 501 3116 44
529 3087 563 3115 ct
589 3083 745 3123 Lobeck‚
773 3083 909 3123 Phryn.
938 3091 972 3122 p.
995 3083 1072 3113 249.

544 3142 570 3183 4)
599 3142 763 3182 Seliniid,
791 3142 850 3182 lv,
878 3151 912 3181 p.
935 3143 990 3181 20,
1019 3142 1096 3171 586.
