2254 3496
1038 198 1085 235 53

359 309 412 353 11.
447 308 740 366 ἱστορεῖσθαι
766 309 886 364 (1,i›;
919 309 984 359 Vl,
1012 307 1096 361 11),
1125 307 1234 348 tradi
1259 306 1323 347 vel
1354 305 1593 347 memoriae
1622 304 1757 357 prodi.
1809 303 1897 345 [lat.¹

217 382 396 426 notione
437 395 524 424 non
567 384 671 425 ante
702 381 923 435 Theophr.
967 381 1037 435 (H.
1075 380 1135 421 Pl.
1170 381 1211 430 4,
1243 379 1388 434 1:3,1).
1452 379 1637 431 Saepius
1679 391 1748 430 ap.
1785 377 1896 418 Plut.

217 457 262 497 et
293 454 393 497 Luc.
429 454 561 510 [plut.
595 467 690 495 mol·
737 467 777 507 p.
813 455 870 495 30
888 454 934 504 D,
974 453 1128 502 2271&
1172 452 1270 493 Luc.
1312 452 1494 493 Icaroni.
1535 464 1568 493 0.
1607 450 1672 500 11,
1713 450 1767 491 de
1799 448 1898 489 hist.

215 539 382 571 conscr.
416 540 449 568 0.
474 524 534 582 7].

359 598 556 653 ἐπιφύω
589 596 720 652 (XIV,
745 597 805 650 4).
872 597 953 650 Ap.
981 596 1091 638 piat.
1120 597 1162 638 et
1189 595 1349 636 Herod.
1376 613 1431 628 =
1455 594 1630 646 insuper
1657 592 1898 646 producere

217 667 285 711 vel
317 668 459 712 edere.
524 668 669 711 Genus
703 668 894 710 medium
924 688 977 702 z:
1006 667 1182 721 insuper
1210 679 1366 708 nascor
1392 664 1575 720 (Arist).
1640 663 1798 705 Suidas
1826 675 1898 704 ex-

152 768 160 774 ·
215 740 350 796 plicat
383 739 524 783 verbis
557 741 843 794 κατάρχεσθαι
875 733 919 782 et
951 740 1180 793 ἐπιχειρεῖν,
1213 737 1462 788 invadendi,
1502 735 1742 785 adoriendi,
1786 747 1899 787 quae

217 812 338 855 notio
375 811 460 855 hoc
499 812 594 854 1000
634 811 868 865 requiritur
906 811 964 865 (οἱ
1002 811 1047 852 ὁὲ
1087 811 1301 864 ἕπέῳυσαν
1335 808 1415 865 [τῷ
1447 805 1690 862 Σωκράτει]
1725 807 1812 847 τότε
1846 806 1896 859 δὴ

215 883 410 939 μᾶλλον).
478 883 670 926 Vicinam
706 883 928 925 notionem
963 883 1046 924 iam
1075 895 1144 936 ap.
1175 881 1321 935 Polyb.
1353 880 1441 936 (12,
1468 880 1534 930 11,
1559 878 1602 933 6)
1631 878 1895 920 invenimus:

218 954 381 1010 ἆμφοῖν
413 960 498 997 τοῖν
530 960 670 1010 χεροῖν
703 956 850 1008 ἒπέφυ,
883 955 1068 997 eandem
1103 967 1205 997 vero
1248 966 1316 1007 ap.
1352 952 1463 995 Plut.
1505 954 1630 1004 (mor.
1663 964 1705 1004 p.
1741 948 1896 998 694&

217 1027 370 1082 Pomp.
406 1040 443 1070 0.
477 1028 557 1078 51;
591 1028 754 1070 Anton.
789 1040 824 1070 0.
859 1026 948 1082 58).

361 1099 567 1155 ὑστερέω
601 1098 730 1153 (XIV,
755 1098 813 1148 9).
859 1099 942 1152 Ap.
972 1100 1075 1140 vett.
1103 1096 1280 1150 (Herod.
1314 1097 1342 1147 Ι,
1367 1097 1443 1145 7ος
1480 1096 1576 1137 Eur.
1607 1091 1898 1147 Pl1oen.977)

218 1189 275 1205 =
307 1170 445 1213 serius
478 1170 626 1212 venire
660 1170 724 1212 vel
768 1169 934 1211 tardius
967 1169 1185 1212 advenire.
1251 1168 1542 1210 Coniunctum
1576 1179 1673 1208 eum
1708 1164 1898 1217 genitivo

181 1279 188 1286 .
218 1242 284 1284 vel
316 1255 531 1296 personae
560 1242 624 1284 vel
658 1242 718 1283 rei
746 1242 926 1296 (Herod.
954 1241 1020 1292 Vl,
1043 1242 1122 1290 821-;
1159 1241 1265 1283 Xen.
1295 1240 1401 1282 Hell.
1431 1239 1500 1290 ΙΙΙ,
1525 1241 1566 1289 5,
1596 1239 1661 1292 18)
1685 1257 1740 1271 z
1761 1236 1898 1279 serius

218 1314 366 1369 aliquo
401 1314 547 1357 venIre
569 1314 634 1356 vel
669 1314 815 1367 aliqua
849 1327 895 1356 re
927 1326 1088 1356 carere.
1153 1313 1246 1355 Hoc
1272 1312 1366 1354 1000
1393 1311 1575 1365 legimus
1599 1310 1899 1363 Κλεόμβροτος

217 1387 290 1428 καὶ
314 1387 579 1440 Ἀρίστιππος
621 1387 832 1439 ὑστέρουν,
876 1387 899 1427 ὀ
931 1386 1009 1438 μὲν
1051 1385 1131 1438 γὰρ
1166 1385 1349 1425 Πλάτων
1390 1384 1535 1434 ἐνόσει,
1579 1383 1637 1424 τὼ
1679 1383 1809 1434 ἑτέρω
1853 1380 1898 1421 δὲ

217 1458 313 1512 περὶ
346 1459 518 1512 Αἴγιναν
551 1459 692 1512 ἤστην.
756 1457 974 1511 Scriptum
1009 1460 1074 1499 est
1105 1457 1234 1510 igitur
1265 1469 1344 1510 pro
1371 1456 1505 1498 verbo
1533 1455 1683 1497 deesse
1710 1453 1777 1495 vel
1809 1465 1897 1494 non

217 1529 386 1582 adesse,
419 1542 550 1584 quem
583 1543 760 1573 sensum
787 1529 1002 1572 habemus
1029 1543 1099 1583 ap.
1128 1529 1239 1571 plut.
1273 1531 1316 1570 et
1341 1529 1533 1571 Dioscor.
1563 1527 1627 1578 (V,
1649 1525 1724 1581 86)
1757 1527 1800 1567 et
1826 1538 1895 1578 ap.

217 1601 368 1645 Ioann.
410 1601 722 1655 evangelistam
762 1601 878 1657 (23);
924 1602 995 1643 καὶ
1037 1603 1338 1655 ὑστερήσαντος
1386 1602 1501 1641 οἴνου
1544 1600 1649 1652 λέγει
1694 1600 1716 1652 ἡ
1759 1599 1897 1651 μήτηρ

217 1678 290 1716 τοῦ
316 1674 457 1728 Ἰήσου
488 1674 597 1727 πρὸς
629 1674 771 1715 αὐτὸν·
807 1674 921 1715 οἶνον
953 1674 1033 1715 οὐκ
1066 1674 1247 1727 ἔχουσιν.

359 1748 624 1802 παρακούω
650 1746 776 1796 (XIV,
800 1744 881 1800 10).
928 1745 1008 1799 Ap.
1034 1745 1192 1787 Herod.
1216 1747 1258 1787 et
1280 1744 1388 1787 Plat.
1417 1764 1465 1777 z
1489 1743 1652 1797 aliquid
1674 1756 1751 1796 per
1771 1755 1896 1784 occa·-

217 1817 382 1860 sionem
426 1817 600 1868 audire;
643 1830 713 1871 ap.
759 1818 847 1867 Ain,
889 1817 1014 1867 Fiat„
1057 1817 1164 1858 alios
1197 1836 1253 1851 =
1292 1816 1402 1858 elam
1447 1815 1599 1858 audire
1643 1815 1706 1856 vel
1751 1814 1896 1855 furtim

217 1889 392 1940 audire3
426 1903 497 1943 ap.
524 1889 634 1932 Piat.
671 1892 713 1932 et
740 1903 846 1932 rece.
872 1909 923 1923 :2
947 1902 1049 1932 casu
1084 1902 1171 1931 non
1198 1891 1314 1931 recte
1341 1888 1514 1937 audire;
1551 1887 1651 1929 inde
1677 1901 1702 1928 a
1732 1886 1896 1940 Polybii

219 1963 363 2004 aetate
398 1981 450 1996 Ξ
485 1962 637 2004 audire
678 1961 789 2003 nolle
825 1961 888 2002 vel
930 1975 1015 2002 non
1057 1961 1263 2003 oboedire
1302 1960 1470 2014 (Polyi).
1506 1961 1577 2010 926,
1608 1961 1648 2010 Ξ),
1685 1960 1724 2008 1;
1761 1961 1801 2009 5,
1825 1959 1894 2007 35,

217 2033 266 2082 5;
314 2033 413 2075 Luc.
457 2033 601 2076 Prom.
636 2034 683 2080 ἐς
734 2034 900 2075 Muson.
946 2047 1016 2086 ap.
1059 2033 1180 2075 Stolo.
1228 2033 1320 2075 ssor.
1357 2033 1426 2083 79,
1455 2033 1544 2086 51),
1591 2032 1707 2085 quod
1753 2030 1894 2080 ipsum

218 2103 431 2156 Significat
452 2104 533 2146 hoe
554 2105 670 2147 loco:
706 2105 806 2146 σι”ὃὲ
833 2105 912 2158 γὰρ
940 2105 1145 2157 πρόνοιάν
1167 2121 1252 2145 τινα
1282 2105 1379 2158 ἡμῖν
1406 2103 1607 2144 ἐπέστειλε
1638 2104 1897 2156 ποιήσασθαι

218 2179 290 2218 τοῦ
323 2178 522 2230 σώματος
543 2211 552 2220 .
574 2210 581 2217 .
604 2211 611 2218 .
633 2178 755 2230 ὅμως
788 2181 871 2218 τῶν
903 2177 1044 2229 λόγων
1076 2177 1425 2230 παρηκούσαμεν.

361 2249 603 2290 ἀποτίνειν
633 2250 714 2297 τὰς
743 2250 936 2304 χάριτας
967 2247 1054 2299 (ΙΧ,
1087 2247 1144 2301 2).
1211 2247 1327 2289 Haec
1369 2246 1528 2289 locutio
1572 2259 1787 2300 nusquam
1831 2246 1897 2287 est

219 2318 300 2361 nisi
331 2318 414 2361 hoc
446 2318 541 2362 1000
576 2322 618 2361 et
651 2332 719 2373 ap.
755 2319 848 2362 Ael.
884 2319 940 2373 (v.
975 2319 1017 2361 h.
1050 2319 1092 2370 4,
1114 2318 1174 2374 5).

358 2392 520 2447 τρέφω
563 2393 776 2447 πώγωνα
821 2391 908 2445 (IV,
939 2391 997 2445 3).
1060 2408 1101 2431 π.
1147 2392 1272 2445 ἔχεινε
1322 2389 1483 2432 Herod.
1529 2391 1573 2431 et
1620 2388 1803 2443 Plat.1);
1853 2406 1895 2429 π.

218 2463 361 2516 φύεινε
396 2462 557 2506 Herod.
591 2462 718 2518 (VIII,
746 2462 870 2517 104);
912 2479 956 2504 π.
990 2463 1205 2503 καθιέναιε
1249 2461 1344 2511 Ar.;
1389 2479 1431 2501 π.
1466 2462 1649 2514 τρέφεινε
1684 2460 1767 2502 hoc
1801 2460 1895 2502 loco

218 2535 262 2576 ef.
300 2546 371 2588 ap.
404 2533 551 2577 Lucill.
586 2533 738 2589 (Anth.
771 2533 862 2577 Pal.
902 2534 967 2584 11,
1001 2533 1122 2586 155);
1165 2534 1549 2586 πωγωνοτροφὲωε
1594 2531 1716 2574 Diod.
1758 2532 1815 2587 (4,
1845 2532 1893 2582 5;

218 2605 289 2657 20,
311 2604 402 2660 63),
440 2605 585 2649 Strab.
621 2606 708 2658 (15,
742 2619 783 2659 p.
819 2606 937 2659 719),
976 2605 1088 2648 Plut.
1126 2604 1352 2660 (apophth.
1393 2618 1434 2658 p.
1470 2605 1557 2646 230
1571 2603 1643 2658 B);
1683 2620 1894 2656 πωγωνο-

218 2678 392 2731 τροφίαι
426 2676 537 2719 Plut.
571 2677 699 2732 (mor.
732 2691 774 2731 p.
796 2677 882 2720 352
898 2677 964 2732 B).

360 2747 662 2805 βλασφημεῖν
692 2763 794 2791 τινα
827 2748 978 2804 (ΧΧΙΙ,
1000 2749 1044 2802 2)
1077 2749 1159 2803 Ap.
1194 2751 1296 2792 vett.
1330 2749 1392 2802 βλ.
1422 2749 1529 2801 περὶ,
1562 2749 1667 2788 κατά
1695 2764 1802 2794 τινος
1830 2748 1895 2790 vel

217 2821 274 2866 εἴς
299 2836 400 2862 τινα.
457 2820 585 2863 Recc.
610 2820 878 2873 coniungunt
898 2833 995 2863 cum
1016 2820 1266 2863 accusativo
1286 2833 1500 2874 personae
1523 2819 1667 2874 (Plut.‚
1695 2819 1804 2862 Nov.
1828 2819 1893 2871 T..

217 2890 346 2945 App„
379 2890 484 2946 alii).

360 2961 589 3006 λανθάνω
622 2962 792 3019 (XXIII,
819 2963 864 3019 2)
909 2963 1070 3019 [ὀλίγον
1113 2965 1197 3005 δεῖν
1229 2965 1385 3005 ἔλαθον
1428 2964 1588 3016 γράψαι
1632 2962 1761 3018 blaivi).
1826 2964 1894 3005 ln·-

219 3034 408 3077 finitivus
441 3047 527 3077 non
562 3037 627 3078 est
660 3035 774 3089 apud
809 3035 891 3078 hoc
923 3035 1105 3078 verbum
1138 3037 1240 3078 ante
1273 3036 1384 3078 Piut.
1420 3038 1462 3077 et
1495 3048 1583 3086 eos,
1618 3035 1691 3088 qui
1724 3035 1893 3079 fabulas

364 3151 386 3192 ¹)
415 3152 578 3193 Schmid,
605 3152 634 3193 Ι,
661 3161 695 3192 p.
721 3154 796 3184 175.
