2254 3496
1257 207 1306 245 (54

590 319 805 373 γίνομαιε
839 318 1225 370 περικιιταλήπτοιῑς
1257 320 1507 371 γενομένους
1531 318 1578 372 (Ι,
1607 317 1665 371 9),
1698 316 1743 358 τὸ
1777 317 1996 370 γινόμενον
2017 317 2125 371 ἡμῖν1

454 389 596 433 πάθος
629 388 756 442 (XIV,
784 387 842 442 6),
877 389 1009 441 τούτῳ
1040 389 1258 441 πειθήνιος
1297 389 1449 441 ἐγίνετο
1482 388 1560 443 (8),
1600 390 1748 441 ἔρημοι
1787 387 2002 440 γενόμενοι
2043 392 2116 429 τοῦ

451 460 743 512 βοηθήσοντος
765 458 915 513 (ΧΧΙ),
948 460 972 512 ἡ
1006 459 1114 512 ἀρχὴ
1149 461 1292 511 γέγονε
1313 459 1481 513 (XXV),
1516 459 1586 504 τὰς
1615 459 1891 512 γεγενημένας
1919 457 2116 512 διαβολὰς

451 529 600 583 (ΧΧΧ,
634 529 693 582 2),
729 530 934 582 διάφορος
967 531 1151 582 γένωμαι
1185 529 1393 582 (XXXIV,
1427 529 1486 584 3).

589 602 704 656 ἔχωε
755 601 980 654 προκοπὴν
1032 602 1184 654 ἔχομεν
1234 601 1438 655 (XXVII),
1479 601 1544 657 [τὸ
1589 598 1777 654 σύμπαν]
1822 600 1982 653 κίνησιν
2028 601 2112 654 ἔχει

456 671 643 725 (YXVII,
681 671 736 724 1),
770 672 889 724 τιμὴν
921 673 1027 724 ἒ’7ειν
1059 671 1229 725 (ΧΧΙΧ,
1262 671 1321 726 02),
1353 673 1555 725 πρόνοιαν
1587 674 1693 725 ἔγειν
1726 669 1934 725 (XXXIV,
1971 668 2025 724 1).

592 743 716 796 ἄγωτ
750 741 943 794 σχσλην’
925 742 965 793 α’)
967 757 1037 782 ειν
1064 741 1114 796 (Ι,
1128 741 1186 796 3),
1207 744 1443 795 παρρησίαν
1464 743 1505 795 '1'7
1505 759 1576 782 ἐιν
1598 741 1646 796 (Ι,
1663 742 1702 791 8,
1724 738 1913 793 XXXV),
1939 740 2115 794 ἡσυχίαν

453 813 625 864 ι’ίγόυσιι
659 811 784 865 (VIII,
811 811 870 865 4),
903 828 1021 864 πορει
1025 828 1076 852 αν
1108 813 1222 865 ἄγειν
1254 812 1423 867 (ΧΧΙΧ,
1452 812 1509 867 6),

599 881 869 937 συμβαίνωτ
905 883 1221 936 ἀπεχθάνεσθαι
1241 899 1312 935 μοι
1332 885 1547 936 συμβαίνει
1570 884 1618 938 (Ι,
1635 885 1693 940 7),
1716 888 1877 932 δεῖσθαι
1902 891 2118 946 συμβαίνει

454 952 542 1006 (VI,
577 952 636 1005 3),
669 953 762 1004 ἐμοὶ
794 954 947 1006 συνέβη
980 953 1295 1007 ὑποπτευθῆναι
1328 953 1432 1005 (VII,
1469 954 1522 1008 1).

591 1024 809 1079 ἕρχομαι;
844 1024 900 1068 εἰς
933 1023 976 1063 τὸ
1010 1024 1241 1075 δεινότερον
1274 1025 1431 1078 ἔρχεται
1474 1024 1562 1078 (ΙΧ,
1588 1025 1644 1084 1),,
1676 1029 1834 1082 ἔρχεται
1873 1032 1930 1078 εἷς
1960 1032 2115 1087 ἁτόπή-

450 1110 560 1147 ματα
602 1093 692 1148 (ΙΧ,
726 1093 785 1147 3).

596 1165 726 1207 Val‘ia
761 1164 909 1206 verba:
947 1164 1029 1204 Τάν
1061 1165 1219 1205 (ἱδονὰν
1252 1166 1567 1219 ἀποδεχόμενος
1600 1167 1731 1222 (ΧΙΙΙ,
1754 1169 1812 1225 2),
1853 1173 2035 1227 κομιδὴν
2059 1174 2117 1220 εἰς

449 1235 575 1279 αὐτὸν
617 1236 793 1289 ἒβάλλου
839 1234 987 1290 (ΧΙΧ),
1030 1237 1249 1289 παθήματι
1292 1238 1532 1293 χριόμενος,
1559 1238 1767 1292 (XXVIII,
1813 1241 1868 1296 1),
1913 1243 2116 1296 ἐμποδὼν

450 1307 638 1347 ἵστασθαι
681 1306 851 1361 (ΧΧΙΧ,
872 1306 926 1360 1),
963 1307 1148 1358 πόλεμον
1181 1308 1406 1360 ἐξενέγκειν
1432 1307 1583 1362 (ΧΧΧ,
1604 1309 1664 1364 5),
1698 1311 1791 1357 τοὺς
1823 1313 1975 1366 λόγους
2005 1314 2115 1357 ἐκοι-

451 1378 648 1430 νώνησαν
681 1377 888 1431 (XXVIII,
915 1376 969 1431 1),
1009 1377 1166 1430 ἡδονὴν
1190 1379 1424 1430 θαυμάζειν
1454 1378 1599 1433 (VIII),
1638 1383 1921 1437 σωφροσύνην
1949 1384 2116 1426 διώκειν

453 1447 582 1503 (ΧΠ),
613 1450 883 1500 προσπίπτειν
909 1449 1047 1501 λόγοις
1078 1449 1147 1488 καὶ
1179 1453 1342 1501 φωναῖς
1373 1447 1501 1502 (XIV,
1534 1450 1591 1504 2).

868 1578 908 1625 c)
942 1575 1013 1616 De
1047 1575 1381 1618 collocatione
1413 1578 1702 1620 verborum.

592 1663 797 1705 Animum
833 1664 935 1713 eius,
970 1664 1041 1717 qui
1076 1663 1266 1706 Socratis
1310 1667 1353 1706 et
1385 1664 1700 1708 Socraticorum
1747 1667 1955 1721 epistulas
1988 1668 2114 1720 leget,

2182 0 2254 54 (ἐξ

453 1736 681 1777 verborum
716 1735 940 1777 collocatio
974 1736 1175 1786 offendet,
1209 1749 1295 1788 qua
1328 1749 1457 1789 saepe
1490 1737 1771 1779 cohaerentes
1810 1739 2117 1782 enuntiationis
2194 1759 2196 1761 ’

450 1809 598 1860 partes
649 1807 944 1858 seiunguntur.
1000 1807 1044 1846 In
1098 1806 1178 1848 hac
1217 1807 1446 1859 separandi
1496 1801 1888 1852 ratione'maxime
1932 1810 2112 1852 verbum

454 1879 704 1930 usurpatur.
770 1877 982 1918 Insertum
1030 1877 1225 1918 videmus
1268 1877 1460 1929 plurimis
1502 1878 1603 1920 loeis
1645 1879 1754 1920 inter
1787 1880 2108 1922 substantivum

452 1951 492 1988 et
525 1948 794 1988 attributum.
842 1947 1060 1988 Eiusmodi
1095 1947 1403 2000 exemplorum,
1439 1961 1702 2001 quamquam
1737 1950 1913 2002 singulis
1946 1951 1987 1992 in
2020 1951 2110 2005 epi-

450 2019 572 2060 stulis
607 2019 743 2061 multa
775 2018 957 2071 repperi,
990 2018 1098 2060 haec
1129 2019 1283 2060 afferre
1315 2019 1419 2061 satis
1451 2020 1517 2061 sit.

597 2090 678 2143 Τὴν
710 2089 815 2142 ἐμὴν
847 2090 1024 2129 συνιέναι
1058 2091 1231 2142 γνώμην
1265 2089 1313 2143 (Ι,
1338 2089 1393 2143 1),
1428 2090 1496 2130 τὸν
1528 2090 1673 2131 λοιπὸν
1705 2092 1775 2145 ἔζη
1796 2092 1888 2145 βίον
1922 2091 2028 2147 (12),
2056 2093 2108 2134 οὗ

451 2161 608 2201 πολλοῦ
642 2161 744 2201 αὐτὰ
769 2161 927 2213 δεήσειν
954 2161 1109 2213 χρόνον
1133 2160 1242 2214 (ΙΙΙ),
1275 2160 1481 2214 Εὐτυχῶν
1503 2162 1659 2214 ἐφίεσαι
1686 2163 1947 2215 πραγμάτων
1967 2162 2034 2218 (V,
2059 2162 2114 2218 1),

451 2231 520 2271 τὸν
553 2231 678 2271 ἄλλον
708 2232 1072 2284 προσεπιθεωρεῖν
1103 2232 1196 2284 βίον
1230 2231 1316 2285 (VI,
1340 2230 1399 2285 2),
1434 2232 1505 2285 τὴν
1537 2232 1616 2284 γὰρ
1648 2233 1776 2286 αὐτὴν
1807 2234 2117 2288 ὑπολαμβάνεις

451 2303 625 2356 γνώμην
659 2301 765 2355 (VII,
798 2301 855 2355 1),
894 2302 1130 2347 Σικελικαῖς
1179 2304 1452 2356 προσανέχειν
1494 2304 1712 2354 τραπέζαις
1751 2303 1895 2358 (VIII),
1933 2305 1990 2350 εἰς
2021 2321 2116 2358 τυρ-

451 2374 740 2425 ραννουμένην
780 2371 886 2425 ἧκον
929 2373 1048 2412 πόλιν
1080 2371 1168 2426 (ΙΧ,
1204 2372 1262 2426 3),
1301 2373 1455 2418 παντὸς
1496 2374 1558 2413 ὤν
1599 2374 1741 2414 ἐπάνω
1772 2374 1954 2415 πλούτου
1986 2373 2123 2430 (XX),

453 2444 524 2497 τὴν
565 2444 842 2496 ἐνδεχομένην
874 2444 967 2495 περὶ
999 2444 1126 2484 αὐτοῦ
1159 2445 1366 2484 ποιεῖσθαι
1393 2444 1577 2497 σπονδὴν
1605 2443 1771 2499 (XXV),
1804 2445 1872 2486 ε’πί
1894 2461 1928 2486 τι
1959 2446 2118 2501 ἀγάγῃς

451 2515 565 2558 τέλος
593 2513 801 2567 (XXVIII,
838 2513 894 2567 1),
928 2514 999 2566 τὴν
1031 2514 1158 2566 αὐτὴν
1191 2515 1301 2561 ἄξεις
1332 2514 1533 2566 πρόνοιαν
1566 2513 1735 2567 (ΧΧΙΧ,
1769 2514 1829 2569 5),
1866 2515 2038 2557 Τούτων
2064 2518 2110 2547 -’-

451 2584 665 2626 intersunt
696 2587 859 2637 septem
901 2584 1034 2626 verba
1071 2609 1119 2612 ———
1161 2588 1243 2625 τῶν
1282 2586 1528 2637 εὐεργεσιῶν
1573 2584 1723 2638 (ΧΧΧ,
1744 2584 1804 2639 4),
1846 2586 2027 2632 πολλοὺς
2058 2603 2113 2628 τε·

451 2657 660 2708 θεαμένος
680 2655 879 2709 σοφιστὰς
891 2655 931 2709 (1
945 2655 999 2709 l),
1015 2656 1179 2708 ἀληθὴς
1193 2656 1337 2708 λέγοιτ’
1363 2657 1413 2695 ἂν
1429 2656 1606 2701 ἐνδίκως
1618 2657 1838 2710 βεβαιότης
1852 2656 2042 2711 (XXXII,
2053 2656 2115 2712 2)

595 2726 723 2767 Verbi
754 2727 866 2768 inter
897 2726 1219 2768 substantivum
1251 2727 1319 2767 vel
1351 2726 1612 2768 adiectivum
1646 2729 1688 2768 et
1719 2727 1954 2779 genitivum
1985 2727 2115 2782 positi

452 2797 559 2840 haee
590 2799 692 2839 sunt
731 2797 939 2839 nonnulla
979 2797 1194 2851 exempla:
1237 2797 1541 2851 Παλιμπράτην
1578 2797 1662 2838 τινὰ
1695 2797 1796 2839 εἷναι
1827 2803 1898 2852 τῆς
1927 2799 2116 2845 παιδείας

453 2868 502 2922 (Ι,
540 2867 595 2923 1),
634 2873 705 2922 τῆς
747 2869 955 2922 βασιλείας
996 2870 1157 2922 ἔφησας
1200 2869 1331 2921 μέρος
1369 2868 1529 2908 διδόναι
1568 2867 1676 2922 (10),
1716 2869 1845 2909 αἰτίαν
1881 2869 2116 2910 καταλιπεῖν

453 2940 696 2993 ἀφροσύνης
745 2939 832 2993 (VI,
877 2938 936 2993 6),
1005 2939 1179 2984 οὐδενὸς
1229 2939 1568 2992 ἒλλειφθήσονται
1620 2942 1704 2979 τῶν
1753 2939 1994 2993 ἀναγκαίων
2037 2937 2116 2993 (8),

453 3010 686 3054 Πλάτωνος
716 3011 932 3062 περιέπεσε
952 3010 1205 3062 σύγγραμμα
1234 3008 1340 3063 (XV,
1363 3008 1421 3064 3),
1443 3009 1578 3062 ἀρχὴν
1596 3009 1850 3062 ποιούμενος
1878 3009 2115 3054 συστάσεως

454 3079 621 3134 (XXV),
656 3083 738 3119 τῶν
769 3080 1023 3133 πυραμίδων
1054 3080 1244 3120 κατεῖδον
1277 3079 1321 3119 τὸ
1352 3080 1536 3132 μέγεθος
1580 3078 1786 3133 (XXVIII,
1816 3077 1879 3133 Ξ),
1918 3078 2113 3132 κτηματί-
