2254 3496
1065 186 1114 223 39

217 295 614 350 „scriptor„quam
659 295 848 338 maxime
891 298 1050 349 potest,
1092 295 1184 348 ipse
1222 295 1430 348 sequitur,
1464 307 1563 336 cum
1612 294 1923 351 Alexandrum,

244 380 394 411 unum*
427 381 479 411 ex
523 367 711 422 Philippi
758 368 995 410 maioribus
1041 367 1243 411 laudibus
1276 367 1318 409 in
1353 367 1522 409 caelum
1556 367 1691 409 eflert.
1756 366 1841 408 Sed
1875 380 1927 407 ex

241 440 310 485 his
341 440 500 492 verbis,
533 453 647 494 quae
680 441 738 484 ad
770 440 885 483 illam
933 441 1226 494 captationem
1267 439 1610 490 benevolentiae,
1651 451 1764 492 quae
1797 451 1926 480 voca-

242 514 326 564 tur,
358 513 617 564 referuntur,
651 512 755 554 nihil
789 512 1050 555 concludere
1083 525 1318 566 possumus
1351 511 1404 552 de
1437 524 1541 552 vera
1574 510 1776 552 Isocratis
1817 512 1924 559 arte,

240 585 496 639 praesertim
524 597 620 627 cum
643 584 726 626 hoc
749 587 1031 638 praeceptum
1053 585 1108 626 ab
1130 583 1334 626 omnibus
1356 583 1632 634 adhibeatur,
1661 595 1804 635 neque
1826 583 1927 623 sunt

239 656 387 710 magni
420 657 647 707 momenti,
683 657 801 710 quod
834 659 988 699 auctor
1020 656 1164 698 studio
1193 655 1429 698 lsocratem
1454 654 1727 709 vituperandi
1753 653 1924 706 longius

231 728 445 784 progredi
490 729 615 772 facile
666 731 852 782 poterat.
922 729 1156 771 Praeterea
1195 728 1303 770 haec
1350 726 1631 782 reprehensio
1678 725 1924 768 doctrinam

241 801 427 844 rhetoris
458 801 639 852 redolet,
673 800 792 855 quod
825 800 896 842 illa
939 801 1131 854 captatio
1172 799 1503 843 benevolentiae
1545 812 1686 852 neque
1720 798 1925 840 omnibus

244 873 288 915 in
321 873 595 916 orationibus
627 872 876 916 adhibenda
911 875 975 915 est
1014 875 1054 914 et
1095 873 1309 914 Isocrates
1349 873 1406 914 ad
1443 871 1693 925 Philippum
1734 869 1924 912 amicum

231 945 488 988 ¹orationem
516 945 645 988 misit.

390 1018 530 1060 Verba
563 1017 742 1061 alterius
774 1017 855 1060 loci
889 1031 942 1060 ex
973 1016 1252 1071 paragrapho
1291 1017 1371 1058 113
1405 1014 1616 1058 orationis
1642 1015 1779 1068 petita
1806 1015 1923 1056 sunt.

231 1089 481 1144 ”Compares
515 1089 662 1132 velim:
687 1102 754 1143 ep.
789 1088 923 1141 XXX,
952 1090 1025 1131 10:
1058 1090 1133 1130 καί
1160 1105 1288 1143 φησιν
1319 1089 1398 1141 μὲν
1424 1089 1468 1129 ἒν
1500 1092 1586 1134 ταῖς
1605 1088 1766 1141 τέχναις
1790 1096 1925 1140 προσ-

233 1162 359 1217 ·ήκὲιν
409 1163 571 1204 οἰκεῖα
606 1162 688 1203 ’καὶ
739 1163 931 1216 γνώριμα
991 1161 1310 1214 παραδείγματα
1375 1161 1518 1213 φέρειν
1568 1159 1833 1213 ὀλιγωρήσας
1880 1159 1925 1200 δὲ

242 1245 316 1295 τῆς
337 1241 484 1294 τέχνης
505 1240 773 1292 ἀλλοτρίοις.
837 1241 1052 1292 ,χρῆσθαι
1077 1239 1424 1291 παραδείγμασιν.
1488 1237 1608 1279 Orat.
1643 1237 1693 1288 V,
1733 1237 1836 1278 113:
1870 1236 1924 1278 Γο

631 1299 756 1306 ‘mxlv

230 1317 324 1372 ργὰρ
348 1317 408 1371 μὴ
431 1317 517 1359 δεῖν
544 1317 767 1370 ἀλλοτρίοις
792 1317 988 1381 χρῆσθαι
1008 1316 1359 1381 παραδείγμασιν,
1387 1315 1477 1356 ἀλλ’
1509 1316 1666 1379 οἰκεῖον
1709 1315 1925 1368 ὑπάρχειν.

370 1394 521 1439 Paulo
554 1394 664 1436 infra
710 1392 804 1447 (11)
850 1393 1064 1436 habemus
1107 1393 1340 1435 [socratem
1384 1393 1559 1445 gloriari
1601 1406 1647 1435 se
1689 1392 1926 1446 discipulos

242 1467 462 1520 eleganter
485 1465 678 1509 refellere
699 1477 828 1519 posse
847 1466 1047 1516 (καίτοι.
1065 1466 1366 1518 ,χαριέντως
1386 1465 1682 1506 ἀμύνασθαί
1699 1480 1827 1518 φησιν
1841 1467 1926 1505 τῶν

232 1539 452 1598 ’μαθητῶν
497 1541 581 1579 τῶν
622 1538 740 1598 αὐτῷ
780 1537 1098 1591 πλησιαζόντων
1144 1535 1241 1582 τοὺς
1285 1535 1591 1590 ἐπιτιμῶντας).
1662 1535 1803 1577 Etiam
1845 1535 1926 1578 hoc

243 1610 506 1665 exscriptum
540 1612 606 1652 est
638 1623 690 1651 ex
722 1608 921 1652 oratione
963 1609 1042 1663 (or.
1078 1608 1127 1660 V,
1162 1609 1210 1650 17
1246 1610 1289 1650 et
1330 1607 1418 1662 22),
1462 1608 1536 1650 ubi
1575 1608 1792 1650 Isocrates
1825 1607 1927 1649 dicit

241 1695 289 1726 se
321 1678 574 1736 discipulos,
603 1682 745 1736 quise
765 1681 1144 1735 vituperavissent,
1173 1681 1393 1734 eleganter
1418 1680 1677 1723 refutavisse
1709 1681 1924 1735 (χαριέν-

243 1755 523 1814 τωςναῦτοὺς
554 1753 858 1812 ἠμυνάμην).
921 1753 1018 1804 Qua
1051 1753 1093 1794 in
1128 1767 1174 1794 re
1216 1753 1531 1805 neglegendum
1567 1765 1654 1794 non
1695 1755 1760 1794 est
1792 1751 1926 1806 scrip-

230 1811 381 1870 torem
428 1823 711 1880 igneravi's'se,
758 1826 861 1879 quid
912 1825 1175 1878 significaret
1220 1824 1504 1879 participium
1549 1826 1589 1866 οἱ
1641 1825 1925 1879 πληιάζοντες.

242 1898 478 1942 coniunxit
511 1898 626 1957 enim
659 1911 758 1960 cum
791 1898 1067 1940 substantivo
1101 1896 1208 1953 [των
1239 1899 1450 1951 μαθητῶν
1483 1901 1567 1938 τῶν
1599 1898 1716 1938 αὐτο)
1747 1897 1925 1950 πλησιά-

243 1969 424 2028 ζόντων]
465 1974 508 2015 et
555 1954 677 2013 addit
713 1970 890 2025 insuper
928 1971 1109 2012 verbum
1151 1971 1354 2023 ἐπιτιμᾶν,
1395 1983 1494 2012 cum
1541 1969 1720 2012 Isocrati
1760 1968 1842 2022 ipsi
1887 1969 1928 2010 οῖ

241 2044 538 2097 πλησιάζοντες
569 2042 684 2084 idem
718 2042 804 2084 sint
836 2044 969 2096 atque
1001 2042 1199 2096 dlsclpull
1215 2040 1261 2096 1)

389 2120 594 2163 Videmus
644 2121 773 2173 igitur
817 2120 1046 2174 epistulam
1091 2119 1312 2161 continere
1370 2118 1491 2170 „eine
1542 2118 1659 2159 Fulle
1711 2117 1926 2159 erlesener

243 2192 449 2236 Notizen“
501 2192 680 2234 omnino
729 2205 814 2234 non
864 2192 945 2234 dici
992 2205 1133 2245 posse.
1206 2191 1395 2242 Accedit,
1443 2190 1575 2244 quod,
1621 2202 1926 2243 quaecumque

243 2263 423 2307 Isocrati
455 2263 691 2318 opprobrio
725 2264 898 2314 dantur,
932 2263 1045 2305 iusta
1072 2276 1204 2305 causa
1238 2265 1399 2304 carent.
1464 2261 1657 2303 Primum
1693 2263 1842 2302 orator
1862 2260 1925 2302 vi-

242 2337 485 2391 tuperatur,
518 2335 636 2390 quod
670 2335 880 2378 beneficia
913 2349 938 2378 a
966 2335 1278 2378 Macedonibus
1306 2334 1479 2376 Graecis
1501 2333 1663 2376 tributa
1692 2346 1779 2375 non
1807 2336 1925 2376 attu-

245 2407 357 2462 lerit,
390 2408 434 2450 id
466 2407 584 2462 quod
618 2407 832 2450 Isocrates
860 2407 1060 2450 consulto
1082 2407 1234 2449 noluit.
1280 2406 1446 2448 Audias
1479 2406 1621 2460 ipsum
1650 2406 1729 2460 (or.
1759 2405 1807 2456 V,
1835 2405 1923 2460 17):

243 2480 295 2522 οὔ
325 2480 468 2534 μέλλω
501 2495 566 2521 σοι
603 2480 730 2533 λόγον
768 2481 947 2533 πέμπειν
979 2481 1058 2521 οὐκ
1094 2480 1287 2527 ἐπίδειξιν
1324 2479 1611 2533 ποιησόμενον
1650 2479 1744 2519 οὐδ’
1787 2479 1924 2531 ἐγκω-

242 2552 476 2606 μιασμένον
507 2551 604 2598 τοὺς
637 2552 704 2593 διά
745 2568 822 2593 σου
863 2552 1178 2605 γεγενημένους,
1220 2552 1351 2604 ἕτεροι
1384 2551 1464 2603 γὰρ
1501 2555 1623 2592 τοῦτο
1663 2551 1924 2604 ποιήσουσιν.

387 2628 616 2671 Nonnullis
649 2629 845 2670 versibus
879 2629 988 2671 infra
1023 2629 1060 2670 ei
1094 2628 1259 2671 crimini
1294 2628 1436 2679 datur,
1471 2628 1586 2681 quod
1616 2628 1798 2681 antiqua
1832 2627 1924 2670 Ma-

243 2700 459 2743 cedonum
499 2701 690 2743 facinora
730 2701 941 2744 omiserit:
989 2701 1039 2755 ἧν
1079 2701 1124 2742 δὲ
1162 2701 1233 2741 καὶ
1272 2701 1319 2741 τὰ
1359 2701 1514 2741 παλαιὰ
1551 2701 1823 2754 διαλεχθῆναι
1855 2705 1926 2754 τῆς

237 2772 505 2827 Ἰσοκράτους
537 2773 708 2827 ἡλικίας,
744 2773 788 2814 τὸ
822 2774 867 2814 δὲ
900 2773 1108 2819 εὐθαλῶς,
1141 2773 1204 2819 ὥς
1235 2789 1364 2827 φησιν
1397 2772 1524 2818 αὐτὸς
1555 2772 1774 2826 ἀνθούσης
1787 2766 1824 2826 2)’
1855 2776 1926 2826 τῆς

388 2913 414 2954 ¹)
441 2915 583 2956 Preuss,
610 2915 729 2947 Index
758 2915 974 2956 Isocrateus,
1001 2924 1035 2955 p.
1060 2916 1101 2946 19
1129 2918 1164 2946 et
1185 2915 1239 2946 58.

389 2972 415 3013 ²)
443 2974 523 3006 Hoc
550 2974 707 3006 verbum
734 2975 781 3006 ab
810 2974 970 3006 Isocrate
995 2973 1156 3014 figurate
1188 2982 1262 3005 non
1290 2976 1511 3014 usurpatum
1545 2975 1597 3005 est
1629 2973 1699 3005 nisi
1727 2973 1766 3004 in
1794 2972 1925 3013 quinta

226 3033 413 3069 „oratione
439 3033 495 3075 (V,
518 3034 588 3075 10),
619 3037 654 3066 et
687 3042 730 3066 ea
757 3034 803 3066 de
837 3042 949 3066 causa
984 3033 1144 3074 scriptor
1180 3033 1225 3065 de
1260 3033 1335 3065 alio
1371 3033 1452 3065 loco
1479 3035 1590 3073 atque
1623 3032 1736 3064 allato
1762 3032 1924 3073 cogitare

244 3102 319 3125 non
345 3095 498 3133 poterat.
