2254 3496
1189 212 1238 248 42

380 322 519 362 ἐκάλει
556 321 803 372 μένανδρον,
845 320 905 359 ὅτι
943 320 1056 371 μένει
1096 319 1164 360 τὸν
1196 320 1330 374 ἄνδρα
1369 320 1439 360 καὶ
1475 320 1545 362 τὸν
1588 322 1734 363 στῦλον
1771 322 2043 375 μενεκράτην,

390 394 450 433 ὅτι
482 394 595 446 μένει
628 391 697 432 καὶ
729 394 882 444 κρατεῖ,
914 391 1158 443 βαλλάντιον
1191 391 1236 431 δὲ
1268 390 1312 431 τὸ
1333 391 1525 433 ἀκόντιον
1551 393 1610 433 ὅτι
1642 393 1826 434 ἐναντίον
1855 392 2046 446 βάλλεται

385 463 455 503 καὶ
496 462 567 507 τὰς
604 465 687 501 τῶν
732 464 856 513 μυῶν
903 461 1131 506 διεκδύσεις
1170 462 1388 514 μυστήρια,
1429 462 1488 502 ὅτι
1521 462 1615 508 τοὺς
1652 467 1734 516 μῦς
1770 467 1894 516 τηρεῖ.
1966 462 2044 505 Hic
2105 501 2108 504 ,

388 533 515 584 igitur
546 544 691 573 rerum
725 531 907 584 scriptor
939 531 1054 584 apud
1089 531 1234 574 omnia
1275 532 1406 574 verba
1444 545 1558 575 nova
1599 533 1778 584 addidit,
1824 533 2045 587 quomodo

388 604 592 657 explicari
625 606 817 656 possent,
861 602 1046 644 Athanis
1085 605 1245 653 autem,
1291 603 1361 656 qui
1395 603 1479 646 alia
1511 604 1655 655 tradit,
1694 604 1775 647 hoc
1798 604 1964 654 iomisit,
1986 606 2046 647 ut

384 676 477 728 ipse
510 674 760 716 Athenaeus
786 674 886 715 dicit
928 673 1014 728 (III,
1037 687 1078 726 p.
1118 675 1172 715 98
1190 674 1265 728 D):
1296 675 1467 721 ’Ἁθανις
1500 676 1538 716 δ’
1575 677 1618 717 ἕν
1651 677 1676 717 ά
1708 676 1944 717 Σικελικῶν
1975 675 2045 717 τὸν

382 746 508 787 αὐτόν
534 761 661 799 φησιν
682 745 898 786 Διονύσιον
924 745 994 785 καὶ
1021 746 1124 797 βοῦν
1150 745 1330 797 γαρόταν
1355 747 1494 787 καλεῖν
1519 747 1590 787 καὶ
1615 746 1684 788 τὸν
1710 751 1852 800 χοῖρον
1880 731 2044 801 ἴακχον,

385 817 544 859 Eodem
581 817 710 858 modo
744 816 979 867 Helladius,
1012 816 1085 869 qui
1113 817 1165 858 de
1198 817 1406 859 similibus
1429 818 1650 860 vocabulis
1675 818 1879 871 loquitur,
1912 817 2043 871 signi-

384 884 615 929 ficationon
659 887 901 941 exhibetl).
977 887 1133 929 Noster
1181 888 1362 941 scriptor
1393 889 1530 930 tribus
1560 889 1709 943 primis
1747 902 1834 931 non
1866 888 2045 941 addidit,

387 972 483 1018 cum
517 958 711 1017 posuerit
751 958 867 1012 apud
907 950 1160 1000 extremum.
1232 958 1349 1001 Haec
1381 973 1449 1002 res
1493 960 1597 1001 mihi
1633 960 1871 1014 suspiciosa
1908 962 1974 1002 est·
2005 962 2047 1002 et

385 1030 527 1083 ipsum
562 1042 708 1071 vocem
743 1030 1009 1083 καρποτόκον
1041 1029 1246 1084 Dionysio
1268 1031 1541 1073 substituisse
1572 1031 1770 1074 arbitror.
1821 1031 2044 1074 Namcum

384 1114 529 1154 neque
562 1101 800 1154 quidquam
836 1100 992 1142 insoliti
1026 1100 1199 1148 habeat,
1233 1102 1349 1154 quod
1383 1102 1466 1143 iam
1491 1103 1808 1145 substantivum
1839 1114 2045 1156 καρποπο-

387 1175 455 1214 κία
490 1175 534 1214 et
566 1172 746 1214 verbum
779 1173 1056 1225 καρποτοκέω
1077 1171 1405 1226 Theophrastus
1434 1174 1643 1224 adhibuit,
1676 1174 1748 1227 qui
1780 1174 1934 1217 eadem
1961 1174 2048 1222 fere

384 1245 544 1295 aetate,
578 1257 666 1297 qua
710 1243 953 1297 Dionysius,
998 1243 1194 1295 florebat,
1239 1235 1378 1298 neque
1419 1258 1515 1287 cum
1556 1245 1707 1287 ceteris
1739 1245 1919 1287 insuetis
1950 1258 2045 1288 ver-

383 1316 537 1356 borum
577 1314 824 1375 fictionibus
844 1314 1088 1367 comparari
1120 1315 1269 1368 possit,
1302 1315 1407 1357 satis
1440 1316 1629 1359 absurda
1657 1318 1722 1360 est
1754 1316 1964 1370 imprimis
1995 1328 2046 1359 ea

385 1386 440 1427 de
476 1399 620 1436 causa,
664 1386 780 1439 quod
822 1399 907 1430 non
951 1398 1102 1428 omnes
1144 1399 1314 1428 menses
1355 1387 1414 1429 sic
1454 1387 1662 1441 appellari
1702 1387 1840 1430 decet.
1884 1388 2047 1442 vAtque

386 1469 472 1510 qua
492 1470 539 1499 re
571 1457 738 1499 addidit
769 1459 923 1499 auctor
953 1457 1037 1498 vim
1071 1457 1196 1499 huius
1224 1457 1436 1510 vocabuli,
1469 1471 1566 1500 curn
1592 1459 1710 1512 apud
1744 1460 1901 1510 cetera,
1933 1470 2048 1512 quae

386 1529 521 1570 multo
562 1528 774 1570 difficilius
816 1528 1132 1580 intelleguntur,
1167 1541 1252 1570 non
1291 1529 1510 1582 posuerit?
1580 1530 1632 1571 Et
1663 1542 1761 1571 cum
1794 1526 2046 1573 Athenaeus

385 1601 519 1651 verba
553 1599 778 1657 diligenter
816 1600 1012 1653 explicet,
1051 1600 1233 1653 scriptor
1270 1613 1357 1642 non
1395 1601 1510 1651 dicit,
1549 1604 1596 1643 ut
1626 1601 1812 1650 scribere
1844 1601 2044 1651 debebat,

387 1672 447 1712 ὅτι
478 1672 797 1727 τοὺς-’καρποὺς
828 1673 958 1719 τίκτει,
991 1671 1068 1712 sed
1100 1672 1160 1712 ὅτι
1195 1672 1359 1725 καρπὸς
1391 1673 1434 1713 ἒν
1466 1673 1581 1725 αὐτῷ
1614 1673 1774 1725 γίνεται.
1807 1671 1882 1714 Illo
1915 1671 2049 1726 igitur-

383 1742 517 1785 verbo
550 1756 629 1784 nos
662 1756 748 1784 non
776 1742 902 1784 nimis
923 1742 1140 1784 confidere
1161 1743 1380 1785 debemus.>
1432 1743 1632 1785 Ceterum
1666 1758 1718 1785 ex
1742 1743 1872 1786 rebus
1897 1755 2042 1796 gram-

386 1815 564 1865 maticis,
609 1826 717 1868 quas
770 1827 882 1855 nunc
935 1813 1127 1865 afferam,
1174 1826 1482 1866 cognoscemus
1521 1814 1599 1855 has
1644 1827 1797 1856 ornnes
1839 1813 2045 1868 epistulas

384 1886 562 1928 ficticias
596 1899 701 1928 esse.

954 2041 989 2083 2.
1021 2029 1074 2082 De
1111 2041 1265 2096 genere
1303 2028 1476 2082 dicendi.

484 2151 487 2152 ⁷
528 2130 743 2172 Plurimas
775 2130 981 2184 epistulas
1015 2144 1099 2172 non
1133 2143 1159 2172 a
1191 2131 1370 2173 Socrate
1403 2130 1718 2183 Socraticisque
1745 2129 1927 2183 scriptas
1952 2142 2046 2172 esse

387 2215 455 2243 me
488 2201 855 2244 demonstravisse
893 2202 1077 2244 confido.
1147 2202 1297 2255 Neque
1328 2207 1451 2252 ‘'vero,
1491 2202 1531 2242 id
1564 2202 1682 2255 quod
1720 2202 1859 2254 primo
1891 2201 2047 2243 obtutu

387 2275 541 2325 putare
572 2277 711 2326 potes,
746 2287 771 2314 a
799 2273 1080 2325 scriptoribus
1102 2273 1359 2326 quibusdam
1389 2273 1525 2326 quinti
1553 2272 1617 2314 ve]
1642 2272 1783 2325 quarti
1816 2285 1856 2314 a.
1883 2271 1981 2314 Chr.
2004 2285 2045 2313 n.

387 2345 546 2386 saeculi
581 2345 846 2402 compositae
878 2347 990 2386 sunt.
1056 2345 1211 2386 Gravia
1246 2345 1356 2386 enim
1391 2346 1646 2395 argumenta
1680 2356 1758 2385 nos
1790 2339 2044 2396 impediunt,

387 2416 620 2475 quominus
652 2416 732 2457 hoc
765 2415 966 2458 iudicium
1001 2416 1221 2458 faciamus.

866 2503 914 2550 a)
947 2500 1019 2543 De
1053 2501 1248 2548 delectu
1279 2502 1567 2544 verborum.

531 2571 744 2635 Imprimis
777 2583 1001 2624 offendunt
1032 2582 1149 2625 haud
1179 2595 1321 2636 pauca
1353 2582 1498 2633 verba,
1530 2594 1642 2635 quae
1668 2581 1748 2622 illis
1776 2580 2044 2634 temporibus

390 2646 568 2694 omnino
602 2666 685 2694 non
722 2653 933 2695 exstitisse
966 2654 1032 2695 vel
1066 2654 1149 2695 alio
1176 2667 1302 2696 sensu
1336 2656 1546 2706 usurpata
1578 2666 1671 2694 esse
1697 2652 1762 2694 vel
1794 2665 1971 2705 perraro
2004 2653 2046 2694 et

389 2724 505 2776 apud
538 2726 690 2777 poetas
728 2725 842 2766 solos
874 2725 1054 2767 inveniri
1087 2737 1182 2766 cum
1218 2725 1351 2767 lexica
1385 2724 1607 2775 Passowii,
1634 2723 1769 2777 Papii,
1811 2720 2045 2774 Jacobitzii,

386 2795 797 2848 Schweighaeuser-i,
850 2795 1170 2845 Wittenbachii,
1223 2796 1440 2838 Preuschii
1494 2798 1536 2837 et
1586 2795 1747 2837 indices
1790 2794 1953 2836 Preusii
2001 2795 2044 2836 et

387 2866 608 2907 Jacobitzii
640 2869 731 2908 tum
766 2867 975 2920 Stephani
1007 2867 1250 2918 thesaurus,
1284 2867 1440 2920 quibus
1467 2867 1523 2910 ad
1555 2866 1636 2908 hoc
1662 2879 1771 2920 opus
1802 2878 1906 2907 usus
1931 2877 2043 2916 sum,

388 2936 592 2979 indicant.

536 3099 557 3139 ¹)
586 3100 762 3141 Meineke,
788 3102 839 3132 De
866 3100 1116 3140 Euphorionis
1143 3099 1393 3132 Chalcidensis
1419 3099 1495 3131 vita
1521 3101 1555 3130 et
1580 3098 1737 3139 scriptis,
1763 3107 1798 3137 p.
1822 3098 1886 3129 193
1900 3106 1928 3129 s.
