2254 3496
1173 253 1222 290 44

518 360 832 416 μεγαλουργία
865 361 1071 414 (XXVlll,
1104 362 1154 412 l),
1183 362 1512 414 magnificentia.
1565 363 1754 406 Primum
1788 378 1857 418 ap.
1892 365 2041 420 Polyb.

381 430 470 484 (31,
499 433 538 481 3,
572 431 625 485 l).
656 433 744 472 tum
773 444 841 484 ap.
870 431 997 481 Plut,
1024 432 1139 482 Luc.,
1166 432 1368 475 Philostr.
1401 434 1719 487 μεγαλουργέωι
1753 435 1875 476 Philo
1895 449 2042 489 saepe,

384 501 557 552 Euseb,
590 503 939 557 μεγαλούργημαε
982 503 1118 554 Philo,
1150 505 1262 556 patr.
1297 504 1418 553 eccl.;
1451 505 1734 560 μεγαλουρὴςε
1770 505 1888 558 Luc.,
1923 509 2042 561 patr.

382 573 500 625 eecl.;
535 573 845 627 μεγαλουργὸςε
878 573 1006 625 ΡΙυῒ.,
1040 574 1139 616 Luc.

523 642 749 699 βιότευμα
783 645 953 698 (ΧΧΙΧ,
977 645 1040 699 3).
1103 645 1199 687 Non
1241 645 1321 687 nisi
1356 646 1436 688 hoc
1474 646 1580 689 loco.
1644 647 1784 698 Quam
1828 661 1978 691 vocem
2017 663 2042 692 a

380 714 691 756 recentioribus
719 714 950 758 formatam
978 729 1071 758 esse
1099 729 1150 758 ex
1177 729 1228 758 ea
1254 729 1301 758 re
1327 717 1477 768 elucet,
1504 718 1620 771 quod
1647 718 1928 761 substantivis
1952 721 2044 774 βίος

383 787 424 825 et
456 785 572 838 βιοτή
607 785 759 827 eadem
793 786 911 827 notio
945 786 1097 829 inerat.

520 855 767 912 εὐαγγελία
800 857 952 910 (ΧΧΧ,
974 857 1033 912 5),
1066 857 1207 899 bonus
1233 858 1424 900 nuntius.
1475 858 1666 900 Primum
1688 859 1730 901 in
1756 860 1883 903 LXX.
1917 860 2043 915 (Reg.

412 927 522 977 ‚‚18
553 927 627 977 ,020;
662 928 740 977 273
765 928 805 977 4,
835 929 874 979 7,
902 927 960 982 9),
987 929 1073 970 Jos.
1097 928 1216 982 (Ant.
1248 929 1339 971 Iud.
1379 930 1443 980 18,
1471 931 1510 980 6,
1543 931 1626 984 lO).
1660 930 1835 974 Veteres
1860 931 2043 974 uteban-

381 999 452 1039 tur
483 997 639 1051 plurali
671 1011 852 1040 numero
885 1015 931 1040 τι
964 1000 1192 1053 dameam.

519 1071 694 1125 αἵρεσις
725 1070 932 1124 (XXXIV,
968 1070 1026 1125 ῡ)),
1059 1074 1176 1112 secta
1214 1038 1586 1124 philosophorum.
1657 1071 1752 1113 Non
1780 1074 1881 1115 ante
1916 1072 2039 1116 Dion.

383 1139 480 1183 Hal.
514 1140 681 1182 Passim
703 1154 773 1194 ap
795 1154 903 1184 rece.
933 1140 1072 1197 [Diog.
1095 1142 1156 1192 L.
1181 1142 1353 1193 Athen,
1387 1142 1494 1184 Nov.
1522 1142 1587 1193 '¹.,l
1620 1142 1736 1185 Sext.
1765 1143 1901 1197 Emp„
1923 1142 2036 1200 GaL]

521 1213 711 1267 ἀκαιρία
733 1212 939 1266 (XXXV),
965 1213 1110 1266 inopia
1137 1213 1358 1266 temporiS,
1387 1215 1558 1266 tempus
1584 1227 1671 1256 non
1705 1227 1877 1257 vacans,
1917 1214 2040 1266 Quae

381 1282 501 1323 notio
535 1295 622 1323 non
654 1285 756 1324 ante
787 1283 898 1325 Plut.
947 1283 1192 1338 [Praecept.
1225 1297 1317 1326 san.
1356 1285 1437 1325 130
1451 1282 1516 1339 E].

519 1355 735 1408 κοίνωμα
779 1353 982 1405 (XXXV),
1034 1355 1302 1397 cousuetudo
1358 1368 1553 1397 venerea.
1630 1355 1798 1397 Primus
1841 1355 2041 1398 adhibuit

378 1423 489 1466 Plut.
507 1423 688 1479 [mor.p.
706 1425 790 1466 338
808 1424 880 1481 A].
899 1425 1026 1467 plat:
1057 1427 1268 1473 κοινωνία,
1289 1427 1546 1479 κοινώνημα,
1560 1427 1819 1480 κοινώνησις,
1839 1427 2042 1481 κοινότης.

521 1498 787 1550 φενάκισμα
820 1496 1032 1551 (XXXVI)
1065 1496 1217 1548 illusio,
1239 1497 1450 1550 deceptio,
1503 1497 1595 1539 Hoc
1620 1497 1714 1539 loco
1747 1500 1790 1539 et
1821 1511 1890 1551 ap.
1913 1497 2037 1540 Phot.

378 1563 465 1621 (ed.
497 1566 657 1618 Naber,
691 1567 740 1619 II,
773 1564 814 1621 p'.
844 1569 945 1620 261)
980 1570 1022 1610 et
1039 1567 1223 1622 Hesych.
1256 1568 1340 1623 (ed.
1363 1568 1572 1620 Schmidt,
1606 1568 1748 1623 1239).
1795 1568 1877 1622 Ap.
1911 1571 2038 1612 vett.:

378 1639 648 1692 φενακισαός.
2059 1630 2062 1631 ⁷

520 1696 769 1764 [βασιλέως
799 1716 882 1752 τοῦ
913 1710 1159 1766 βαρβάρου
1194 1711 1356 1762 (xvffl,
1395 1710 1449 1764 1)
1513 1675 1785 1752 Adiectivum
1822 1707 2038 1766 βάρβαρος

377 1795 403 1823 a
439 1779 654 1822 veteribus
687 1794 772 1822 non
807 1781 994 1823 additur.
1046 1782 1211 1824 Auctor
1243 1782 1462 1824 nesciebat
1495 1781 1814 1824 substantivum
1847 1783 2039 1837 βασιλεύς

379 1851 465 1893 iam
499 1865 576 1905 per
607 1865 653 1894 se
685 1865 827 1905 regem
862 1853 1095 1895 Persarum
1130 1841 1402 1908 significare]

520 1923 568 1964 II.
602 1923 726 1965 Nunc
765 1924 944 1966 afferam
981 1937 1032 1966 ea
1071 1924 1295 1975 vocabula,
1343 1937 1456 1977 quae
1490 1924 1573 1966 iam
1617 1924 1687 1966 illa
1720 1925 1863 1966 aetate
1900 1926 2039 1976 erant,

376 1995 452 2035 sed
485 2007 670 2047 quorum
703 1996 925 2037 notionem
960 1998 1274 2038 commutatam
1309 2008 1402 2037 esse
1435 1995 1640 2037 videmus.

517 2068 773 2121 παράσιτος
805 2067 852 2120 (Ι,
880 2067 939 2118 4),
972 2067 1019 2117 is,
1053 2066 1126 2119 qui
1158 2066 1430 2108 adulatorem
1463 2068 1506 2107 et
1536 2079 1732 2108 scurram
1763 2078 1809 2108 se
1840 2065 2034 2123 praebet,

378 2138 425 2177 ut
456 2135 526 2178 alii
559 2136 746 2188 gratuito
776 2137 932 2178 victum
955 2137 1035 2178 sibi
1062 2137 1259 2179 offerant.
1296 2136 1466 2178 Primus
1485 2138 1515 2190 1)
1543 2137 1705 2179 Araros
1735 2136 2038 2190 Aristophanis

367 2207 487 2262 ,filius
519 2207 617 2249 huic
650 2208 743 2249 voci
777 2208 890 2250 illam
925 2208 1279 2260 significationem
1313 2207 1529 2250 addidisse
1564 2208 1742 2250 videtur.
1809 2207 1936 2261 Apud
1962 2220 2034 2249 ve-

376 2280 488 2320 teres
529 2281 653 2320 erant
694 2280 871 2332 parasiti
913 2279 1173 2330 sacerdotes,
1216 2280 1289 2332 qui
1331 2279 1550 2321 sacrificiis
1589 2278 1710 2322 factis
1751 2278 2036 2320 communiter

381 2355 637 2406 coenabant,
672 2355 735 2396 vel
765 2355 805 2406 ii,
834 2355 1022 2408 quicum
1046 2356 1138 2397 aliis
1165 2355 1466 2408 epulabantur.
1513 2354 1720 2397 Conferas
1740 2354 1867 2396 velim
1892 2353 2034 2396 locum

376 2425 591 2467 Athenaei
641 2426 744 2479 (236
759 2426 829 2478 Ε);
869 2428 909 2467 οἱ
947 2427 985 2467 δ’
1026 2427 1190 2480 ἀρχαῖοι
1227 2426 1392 2480 ποιηταὶ
1428 2426 1811 2479 τοὺς-’παρασίτους
1851 2425 2037 2472 κόλακας

380 2497 559 2537 ἐκάλουν
598 2498 641 2538 et
686 2496 786 2550 (⁶237
805 2496 859 2551 A)
898 2497 1005 2537 πολὺ
1051 2498 1090 2538 δ’
1141 2497 1220 2538 ἐστὶ
1261 2496 1305 2538 τὸ
1347 2498 1481 2550 ὄνομα
1522 2496 1637 2549 παρὰ
1678 2500 1760 2541 τοῖς
1808 2497 2037 2550 νεωτέροις.

379 2566 647 2621 Phrynichus
680 2567 780 2609 dicit
812 2568 933 2623 (Lob.
961 2581 1003 2621 p.
1037 2567 1157 2622 139):
1193 2567 1458 2620 Παρασίτους
1490 2567 1569 2607 οὐκ
1601 2567 1741 2619 ἔλεγον
1779 2567 1826 2607 οἱ
1869 2567 2036 2621 ἀρχαῖοι

378 2639 437 2678 ἐπ’
474 2638 671 2685 ὀνείδους,
705 2639 765 2683 ὡς
797 2643 871 2679 νῦν
903 2639 1004 2679 ἀλλὰ
1037 2639 1233 2684 κόλακας.
1296 2637 1508 2679 Lucianus
1540 2637 1645 2690 ipse,
1678 2637 1750 2690 qui
1787 2637 2035 2691 Lexiphane

377 2721 454 2749 suo
488 2721 583 2749 cum
619 2709 820 2750 ridiculas
846 2709 939 2752 illas
972 2722 1125 2750 vocum
1159 2709 1350 2751 fictiones
1382 2711 1474 2749 turn
1507 2707 1666 2750 usitata
1706 2708 1838 2750 verba
1876 2707 2031 2759 Attica,

378 2791 491 2831 quae
522 2792 547 2819 a
587 2779 896 2821 recentioribus
928 2780 1011 2821 alio
1044 2792 1173 2821 sensu
1206 2781 1480 2831 usurpentur,
1510 2778 1711 2830 exagitat,
1745 2778 1875 2820 etiam
1908 2778 2034 2820 huius

378 2850 495 2892 verbi
534 2850 796 2892 mentionem
843 2851 942 2893 facit
959 2853 1003 2903 2).
1043 2851 1253 2902 Warning
1269 2850 1300 2904 3)
1327 2850 1435 2893 falso
1469 2850 1690 2892 contendit
1710 2862 1861 2891 vocem
1896 2851 2032 2902 παρά-

377 2938 483 2967 σιτος
535 2921 605 2964 illa
665 2922 841 2964 notione
902 2922 1174 2964 coniunctam
1217 2921 1392 2964 omnino
1433 2934 1518 2963 non
1557 2924 1659 2964 ante
1700 2921 1936 2963 Lucianum
1969 2920 2033 2962 in-

522 3036 545 3077 ¹)
573 3037 749 3078 Ribbeck,
777 3038 907 3078 Kolax,
934 3046 968 3076 p.
990 3039 1045 3068 21.

521 3094 546 3136 ²)
575 3096 684 3127 Wilh.
713 3096 874 3137 Schmid,
908 3097 980 3127 Der
1005 3095 1214 3127 Attizismus
1247 3095 1285 3126 in
1311 3095 1436 3127 seinen
1464 3095 1808 3135 Hauptvertretern,
1840 3094 1869 3135 I,
1894 3102 1930 3134 p.
1953 3094 2029 3126 197.

521 3152 545 3193 ³)
572 3154 764 3196 Warning,
790 3155 841 3186 De
866 3154 974 3186 Vettii
1002 3154 1165 3186 Valentis
1190 3162 1367 3195 sermone,
1394 3163 1429 3194 p.
1450 3156 1504 3185 41.
