2254 3496
1122 224 1170 261 14

303 354 374 411 ΙΙ.
414 355 549 411 Illas
571 354 842 423 epistulas
870 355 1056 423 quinto
1089 357 1183 411 vel
1210 359 1401 424 quarto
1427 372 1474 412 a.
1502 354 1623 413 Chr.
1653 372 1704 412 n.
1738 355 1963 413 saeculo

494 445 828 511 compositas
868 458 995 499 esse
1035 459 1144 499 non
1180 446 1343 513 posse
1383 441 1778 513 comprobatur.

450 560 519 602 Ad
552 561 667 603 hanc
693 573 783 603 rem
817 561 1203 603 demonstrandam
1236 562 1423 615 primum
1457 562 1632 616 quidem
1664 562 1889 605 videamus

412 648 443 701 1.
483 648 589 714 Quas
627 661 697 701 res
737 648 788 700 ad
826 648 1038 701 historiam
1077 648 1332 715 pertinentes
1370 649 1605 703 contineant
1642 648 1860 717 epistulae.

445 743 573 785 Initio
612 744 778 797 primae
819 744 1031 797 epistulae
1069 745 1271 786 Socrates
1309 745 1410 787 dicit
1451 745 1530 788 has
1568 745 1733 788 litteras
1772 747 1971 800 responsi

303 828 435 857 causa
469 815 524 857 ad
560 828 704 867 regem
738 815 958 869 quendam
992 816 1118 857 datas
1154 829 1260 858 esse.
1322 817 1481 858 Iterum
1525 820 1654 869 negat
1685 830 1731 859 se
1762 817 1819 860 ad
1852 817 1970 859 illum

305 889 538 928 venturum
573 899 680 929 esse.
743 888 806 929 Ac
839 886 1076 934 maioribus
1109 887 1232 928 donis
1259 887 1314 930 ab
1348 887 1418 928 illo
1439 887 1595 929 oblatis
1621 901 1668 930 se
1699 888 1858 930 adduci
1877 882 1972 930 οῐῖι-

302 958 407 999 nino
447 971 539 999 non·
573 971 715 1011 posse,
756 961 804 999 ut
846 958 882 999 ei
922 959 1202 1011 obsequatur,
1245 971 1343 1000 cum
1387 971 1442 1000 ne
1474 971 1499 1000 a
1538 958 1757 1012 discipulis
1795 959 1972 1013 quidem

302 1029 535 1081 pecuniam
578 1029 774 1082 accipiat,
816 1042 901 1082 qua
941 1043 986 1071 re
1028 1029 1216 1071 maxime
1254 1042 1279 1071 a
1317 1029 1521 1082 sophistis
1561 1029 1744 1072 differat.
1808 1030 1972 1073 Deinde

303 1100 686 1143 vehementissime
719 1101 938 1154 vituperat
967 1101 1259 1154 sophistarum
1287 1113 1429 1142 mores
1449 1114 1690 1154 perversos.
1740 1101 1972 1143 Praeterea

305 1172 389 1214 deo
411 1172 802 1225 obtemperandum
830 1186 936 1222 esse,
965 1173 1036 1225 qui
1058 1186 1104 1214 se
1124 1172 1335 1226 proficisci
1356 1172 1553 1214 vetuerit.
1604 1173 1804 1214 Fortasse
1826 1185 1972 1226 regem

305 1243 385 1285 sibi
418 1243 471 1285 de
504 1243 750 1294 daemonio,
784 1243 837 1286 de
870 1257 956 1296 quo
989 1244 1131 1297 priore
1164 1244 1347 1297 epistula
1379 1243 1611 1297 scripserit,
1650 1243 1860 1286 diffidere.
1921 1243 1970 1285 Id

304 1315 458 1356 mirum
496 1328 582 1357 non
616 1328 723 1365 esse,
763 1328 859 1356 cum
897 1315 981 1356 iam
1017 1315 1152 1366 multi,
1196 1315 1276 1368 ipsi
1309 1328 1482 1368 quoque
1521 1315 1700 1356 comites
1732 1315 1774 1356 in
1806 1315 1971 1368 proelio

303 1386 502 1436 Deliensi,
538 1386 617 1427 sibi
651 1386 778 1428 fidem
813 1399 899 1427 non
933 1386 1177 1429 habuerint.
1227 1387 1285 1428 At
1312 1399 1460 1428 eorum
1496 1399 1626 1428 unum
1659 1386 1836 1428 militem
1869 1399 1968 1429 cae-

303 1458 403 1499 dem
437 1458 648 1510 effugisse,
683 1459 754 1512 qui
788 1457 889 1499 nihil
932 1459 1011 1499 nisi
1051 1462 1218 1500 scutum
1254 1458 1491 1500 servaverit
1525 1456 1678 1513 [μόνον
1710 1458 1783 1512 τὴν
1814 1458 1968 1499 ἀσπίδα

303 1530 458 1583 σῴζων
490 1528 586 1585 (9)].
650 1529 773 1581 Quae
799 1530 893 1583 ipsa
921 1530 1052 1572 verba
1080 1530 1309 1571 ostendere
1340 1532 1445 1582 puto
1474 1528 1701 1582 epistulam
1735 1542 1760 1570 a
1797 1528 1969 1571 rhetore

303 1602 493 1654 quodam
518 1602 808 1654 posteriorum
829 1604 1074 1654 temporum
1099 1602 1304 1654 scriptam
1326 1613 1432 1650 esse,
1466 1600 1538 1653 qui
1572 1612 1658 1641 non
1690 1600 1776 1642 iam
1806 1600 1972 1642 sciebat

306 1673 551 1726 Spartiatas
583 1686 670 1714 non
699 1673 985 1715 Athenienses
1018 1676 1185 1715 scutum
1221 1672 1418 1714 amisisse
1443 1684 1659 1714 summam
1686 1671 1967 1724 ignominiam

304 1745 482 1786 duxisse
515 1745 719 1786 ferantur.
783 1744 920 1786 Paulo
953 1745 1148 1786 diffusius
1181 1744 1305 1786 nobis
1330 1743 1546 1796 agendum
1582 1745 1646 1784 est
1677 1743 1731 1784 de
1763 1743 1832 1784 illo
1865 1742 1969 1784 dae-

303 1816 468 1857 monio.
531 1815 659 1866 Quod
692 1816 986 1867 daemonium,
1020 1816 1073 1857 de
1106 1829 1192 1869 quo
1226 1816 1310 1857 iam
1344 1814 1461 1868 apud
1494 1818 1660 1856 veteres
1693 1815 1838 1856 variae
1869 1827 1969 1856 sen-

303 1887 465 1930 tentiae
498 1887 923 1938 circumferebantur,
963 1887 1065 1940 quid
1100 1890 1226 1938 esset,
1271 1900 1324 1928 ne
1356 1886 1557 1928 Socrates
1596 1885 1769 1938 quidem
1808 1885 1971 1927 sciebat

303 1972 445 2012 neque
477 1959 511 2000 si
544 1958 775 2000 Plutarcho
794 1959 823 2013 ¹)
858 1959 967 2000 fides
1000 1958 1201 2001 habenda
1233 1961 1311 2010 est,
1345 1957 1565 2008 Simmiae,
1599 1957 1673 2010 qui
1706 1969 1804 1999 eum
1826 1969 1966 2010 quon·

309 2030 408 2073 dam
444 2030 795 2082 interrogavisset
827 2031 1090 2083 respondere
1122 2032 1294 2083 poterat
1311 2029 1356 2084 2').
1419 2029 1544 2071 Plato
1577 2030 1723 2069 autem
1755 2027 1856 2069 facit
1890 2027 1969 2069 So-

308 2103 471 2144 cratem
505 2101 719 2143 dicentem
754 2101 854 2156 (Ap.
889 2102 1019 2153 31D):
1053 2102 1183 2155 Ἐμοὶ
1222 2102 1266 2142 δὲ
1305 2105 1425 2142 τοῦτο
1459 2099 1524 2155 [τὸ
1563 2097 1800 2154 δαιμόνιον]
1840 2100 1966 2153 φωνή

304 2190 360 2219 τις
394 2174 632 2227 γιγνομένη,
673 2175 699 2227 η’
732 2173 830 2214 ὅταν
863 2174 1025 2227 γένηται
1057 2173 1119 2214 ἀεὶ
1152 2160 1374 2226 ἇποτρέπει
1407 2188 1458 2217 με
1497 2175 1628 2218 τοῦτο,
1669 2171 1692 2211 ὃ
1724 2171 1775 2211 ἂν
1813 2170 1967 2223 μέλλω,

303 2245 505 2297 πράττειν,
537 2244 759 2297 προτρέπει
794 2244 838 2284 δὲ
871 2245 1035 2285 οὔποτε.
1100 2243 1228 2284 Vides
1261 2243 1389 2295 igitur
1428 2242 1651 2284 Socratem
1694 2241 1830 2294 ipsam
1865 2240 1967 2282 illud

302 2315 580 2358 daemonium
602 2314 795 2356 divinum
823 2314 1088 2368 quiddamin
1110 2328 1155 2356 se
1176 2315 1365 2368 positum
1386 2314 1449 2355 vel
1480 2313 1671 2354 divinam
1700 2324 1850 2354 vocem
1873 2325 1967 2354 esse

303 2387 548 2436 credidisse,
571 2399 683 2439 quae
705 2399 802 2427 eum
827 2387 1106 2437 admonebat,
1130 2400 1183 2427 ne
1203 2386 1322 2439 quid,
1338 2385 1455 2439 quod
1472 2384 1528 2426 illi
1548 2383 1825 2425 incommodo
1841 2386 1967 2435 esset,

303 2459 474 2500 faceret.
508 2458 566 2499 At
582 2458 666 2500 iam
684 2458 941 2511 Xenophon,
964 2458 1030 2499 cui
1047 2458 1189 2499 minus
1211 2457 1515 2499 confidendum
1532 2458 1597 2497 est
1616 2456 1658 2496 in
1680 2454 1761 2497 hac
1775 2467 1820 2496 re
1834 2467 1966 2508 quam

304 2530 487 2580 Platoni,
503 2529 685 2582 putabat
699 2528 921 2570 Socratem
939 2542 1025 2571 non
1041 2529 1178 2570 solum
1195 2528 1432 2579 admoneri,
1446 2541 1500 2569 ne
1515 2526 1619 2580 quid
1630 2525 1731 2568 mali
1744 2526 1966 2567 commite-

303 2604 382 2652 ret,
404 2600 478 2642 sed
507 2600 637 2642 etiam
660 2600 827 2641 incitari
854 2600 910 2642 ad
938 2600 1151 2653 quasdam
1181 2614 1247 2642 res
1269 2599 1480 2651 gerendas
1496 2599 1542 2653 3).
1576 2597 1672 2648 Qua
1695 2596 1736 2638 in
1765 2597 1967 2650 opinione

304 2685 433 2726 porro
454 2671 669 2725 progressi
684 2674 798 2722 sunt,
814 2672 886 2724 qui
902 2671 1070 2713 Platoni
1085 2672 1216 2712 libros
1230 2671 1564 2719 substituebant,
1581 2668 1697 2710 velut
1711 2668 1761 2720 is,
1776 2667 1851 2722 qui
1864 2681 1966 2710 con-

304 2742 472 2796 scripsit
512 2742 726 2793 dialogum
758 2742 832 2795 qui
866 2743 1063 2795 Theages
1092 2743 1351 2785 inscribitur.
1415 2743 1461 2783 In
1496 2742 1578 2783 hoc
1605 2740 1713 2781 libro
1742 2739 1965 2782 Socratem

447 2868 472 2910 ¹)
500 2872 605 2912 Plut.‚
632 2873 676 2903 de
702 2871 810 2911 genio
838 2871 1007 2911 Socratis,
1034 2879 1069 2910 p.
1092 2871 1157 2902 589
1173 2879 1217 2902 ss.

447 2928 472 2969 2)
501 2931 632 2971 Christ,
660 2931 852 2962 Plutarchs
879 2930 1009 2970 Dialog
1035 2939 1069 2961 v.
1097 2929 1333 2961 Daimonium
1361 2929 1423 2962 des
1450 2930 1605 2962 Socates.
1657 2931 1901 2971 Sitzungsber.
1929 2930 1963 2963 d.

304 2989 387 3028 hay.
416 2989 483 3021 Ak.
512 2991 613 3030 1901,
640 2999 674 3029 p.
696 2991 758 3029 98;
788 2989 958 3030 Lasaulx,
985 2990 1055 3021 Des
1081 2989 1250 3021 Sokrates
1276 2989 1408 3030 Leben,
1434 2989 1550 3021 Lehre
1577 2999 1610 3022 u.
1638 2990 1726 3031 Tod,
1753 2999 1787 3030 p.
1811 2991 1873 3022 19.»

448 3046 474 3086 ²³)
511 3048 677 3089 Willing,
714 3049 763 3079 De
801 3048 960 3080 Socratis
995 3048 1200 3079 daemonio.
1259 3048 1459 3080 Comment.
1497 3048 1626 3087 philol.
1663 3049 1836 3080 Jenenses
1862 3048 1965 3090 VIII,

306 3106 336 3138 2.
364 3115 398 3146 p.
423 3107 487 3137 130
501 3116 544 3139 ss.
