2254 3496
1030 219 1082 256 25

211 327 404 372 habitam
445 341 541 370 esse
585 341 637 370 ex
678 327 771 370 loco
813 328 1005 382 quodam
1049 328 1297 372 orationum
1348 330 1438 371 eius
1483 332 1668 382 apparet
1720 330 1889 381 (XXlll,

209 400 298 443 296
318 397 385 456 C),
423 412 512 454 quo
550 399 754 454 legimus:
797 401 905 441 Ἀλλ’
948 401 1098 442 ἐκεῖνοι
1136 402 1214 453 μὲν
1254 403 1294 442 οἳ
1340 401 1527 442 δικασταὶ
1571 402 1639 442 ὑπ’
1689 402 1889 455 ἀγνωμο-

210 473 339 527 σύνης
370 471 416 514 τὸ
447 473 684 525 παραυτίκα
718 473 1046 527 ἐξηπατήθησαν
1078 473 1149 514 καὶ
1182 474 1496 528 ἕγοητεύθησαν
1531 473 1611 514 ὑπὸ
1651 478 1723 514 τοῦ
1762 474 1891 526 λόγου

211 545 262 586 ὃν
303 545 543 598 συνέγραψε
593 543 883 598 Πολυκράτης,
920 545 1092 590 Ἄνυτος
1137 545 1182 586 δὲ
1227 546 1509 599 ἐμισθώσατο.
1575 544 1713 587 Simili
1758 545 1890 587 modo

211 614 421 670 scriptum
441 614 657 658 habemus
677 615 796 670 apud
816 615 997 659 Suidam
1031 617 1112 658 sub
1134 629 1239 659 voce
1275 617 1571 672 Πολυκράτης·
1610 617 1890 671 Πολυκράτην

210 687 309 734 ’τοὺς
340 688 446 730 κατὰ
479 688 744 741 Σωκράτους
775 689 927 742 λόγους
961 689 1039 730 δύο
1067 690 1227 743 Ἀνύτῳ
1259 690 1330 730 καὶ
1363 689 1548 743 ΛΜελήτῳ
1583 690 1758 743 γράψαι.

358 759 480 802 Alios
514 760 632 802 locos
651 759 697 814 ¹),
722 773 833 814 quos
866 760 1021 802 allatos
1056 760 1196 802 inveni
1230 773 1317 802 non
1351 761 1725 812 commemorabo,
1758 761 1892 815 quod,

214 844 491 886 quamquam
523 832 714 886 probant
752 832 871 874 illum
913 833 1130 875 rhetorem
1171 833 1363 875 Socratis
1404 834 1725 876 accusationem
1761 834 1894 887 scrip-

212 903 333 954 sisse,
367 903 424 946 ibi
458 917 544 946 non
570 905 846 958 perspicuum
880 904 1043 947 dictum
1078 907 1143 946 est
1165 905 1357 959 Anytum
1392 905 1462 948 illa
1497 906 1537 947 in
1573 905 1731 948 iudicio
1766 919 1892 947 usum

214 989 322 1019 esse.
386 976 476 1018 lam
511 977 618 1019 satis
660 979 843 1030 apparet
885 991 935 1019 ex
969 977 1049 1019 illis
1088 977 1192 1019 locis
1233 977 1461 1019 Themistii
1502 981 1544 1020 et
1582 978 1743 1020 Suidae
1782 978 1895 1021 hanc

212 1049 356 1102 ipsam
389 1048 640 1102 opinionem
684 1049 985 1102 pervulgatam
1025 1049 1169 1092 fuisse.
1237 1050 1293 1091 At
1333 1049 1435 1103 quin
1479 1050 1584 1092 salsa
1624 1050 1693 1100 sit,
1735 1050 1895 1092 nemini

213 1119 393 1163 dubium
428 1123 506 1163 est.
571 1121 722 1175 Neque
751 1121 865 1162 enim
902 1121 1127 1171 habemus,
1161 1135 1237 1163 cur
1264 1122 1466 1163 Favorini
1500 1122 1750 1164 testimonio
1784 1122 1895 1164 diffi-

213 1184 385 1235 damus.
444 1193 607 1235 Deinde
629 1192 985 1235 verisimillimum
1017 1196 1081 1235 est
1120 1193 1452 1247 Xenophontem
1488 1194 1643 1236 eodem
1677 1208 1794 1237 anno
1828 1195 1894 1236 vel

213 1264 345 1319 paulo
379 1267 478 1319 post
510 1277 642 1319 quam
672 1265 847 1307 moenia
880 1265 1008 1318 longa
1035 1266 1237 1307 restituta
1269 1268 1429 1317 essent,
1458 1280 1509 1308 ex
1525 1267 1630 1308 Asia
1658 1267 1698 1308 in
1723 1267 1896 1309 Graeci-

214 1350 286 1379 am
319 1349 542 1380 reversum
565 1337 903 1379 commentarios
924 1337 1160 1390 scripsisse,
1189 1340 1237 1379 ut
1266 1338 1537 1392 Polycratem
1569 1338 1794 1390 refelleret,
1822 1339 1895 1392 qui

214 1409 385 1452 Socrati
418 1412 593 1451 mortuo
620 1409 812 1451 maxima
834 1409 1015 1451 crimina
1038 1409 1280 1459 obiecisset,
1310 1410 1351 1451 id
1379 1410 1498 1464 quod
1519 1410 1711 1453 Cobetus
1732 1411 1898 1464 primus

214 1481 439 1525 contendit
455 1482 501 1533 2).
565 1482 843 1535 Quamquam
881 1482 935 1524 de
968 1481 1049 1524 hac
1071 1482 1330 1536 quaestione
1360 1495 1520 1535 magna
1541 1484 1763 1525 contentio
1785 1483 1896 1525 inter

216 1553 332 1596 viros
365 1554 519 1596 doctos
551 1556 648 1597 orta
669 1557 749 1604 est,
772 1556 919 1596 tamen
942 1554 1179 1596 Christium
1202 1555 1324 1608 sequi
1346 1568 1580 1608 possumus
1608 1555 1824 1598 dicentem
1839 1557 1894 1610 3);

215 1625 366 1669 Dieses
399 1625 661 1676 Verhaltnis,
690 1626 776 1669 dati
798 1628 926 1668 unter
952 1626 1051 1669 dem
1074 1628 1311 1680 κατήγορος
1338 1627 1458 1669 nicht
1491 1627 1686 1678 Meletos,
1707 1627 1897 1670 sondern

216 1697 473 1754 Polycrates>
515 1711 567 1740 zu
612 1698 842 1741 verstehen
884 1698 958 1749 sei,
1001 1698 1151 1740 wurde
1197 1701 1340 1740 zuerst
1388 1699 1540 1752 richtig
1584 1700 1770 1742 erkannt
1812 1713 1897 1741 von

214 1770 262 1813 C.
284 1771 332 1813 G.
357 1770 495 1813 Cobet
527 1771 616 1812 und
656 1783 791 1824 gegen
825 1770 893 1813 die
932 1771 1170 1812 Einwande
1211 1783 1294 1813 von
1335 1771 1380 1813 L.
1410 1771 1714 1823 Breitenbach,
1747 1772 1897 1814 Jahrb.

215 1842 241 1884 f.
263 1841 318 1884 kl.
341 1841 449 1884 Phil.
475 1844 531 1884 99
566 1842 733 1897 (1869),
768 1843 848 1884 801
876 1843 918 1884 ff.
964 1842 1174 1895 siegreich
1216 1843 1443 1895 verteidigt
1482 1856 1564 1884 von
1609 1844 1655 1885 K.
1696 1843 1898 1894 Schenkl,

215 1913 325 1957 Xen.
358 1914 542 1956 Studien
571 1914 621 1965 ΙΙ,
654 1915 732 1956 lii.
786 1914 857 1956 Ins
889 1914 1084 1957 Gewicht
1119 1914 1209 1956 salit
1249 1915 1514 1957 namentlich
1558 1915 1627 1957 die
1660 1928 1795 1968 gegen
1830 1916 1899 1958 die

219 1985 553 2039 Heranziehung
585 1986 661 2029 des
684 1986 844 2029 Kritias
876 1986 966 2028 und
994 1986 1247 2029 Alkibiades
1281 1987 1518 2040 gerichtete
1550 1988 1744 2029 Abwehr
1770 2001 1898 2030 mem.

217 2058 250 2109 Ι,
273 2058 321 2108 2;
361 2059 426 2109 12,
459 2058 516 2100 da
537 2059 604 2100 sur
635 2058 753 2100 diese
779 2058 1030 2113 Polycrates
1065 2059 1212 2113 (lsocr.
1248 2058 1349 2102 Rus,
1384 2060 1428 2112 5)
1463 2060 1547 2102 den
1574 2059 1778 2103 Socrates
1805 2073 1900 2103 ver-

216 2130 492 2172 antwortlich
526 2130 729 2183 gemacht
762 2130 897 2181 hatte,
925 2130 1020 2172 cine
1054 2131 1251 2182 Ansicht,
1276 2131 1346 2174 die
1371 2131 1484 2173 beim
1514 2131 1730 2173 attischen
1754 2132 1899 2174 Publi-

216 2201 317 2244 kum
353 2202 495 2254 Erfolg
526 2202 688 2255 gehabt
721 2202 798 2245 hat
832 2202 1052 2257 (Aeschin.
1081 2216 1142 2245 or.
1168 2203 1198 2253 I,
1238 2204 1338 2255 173)
1358 2203 1407 2258 ⁴).
1472 2204 1530 2245 At
1564 2204 1775 2247 Isocrates
1808 2205 1899 2258 ipse

215 2274 319 2316 dicit
350 2274 577 2316 Socratem
610 2274 646 2316 si
681 2275 856 2325 viveret,
891 2274 1106 2329 Polycrati
1147 2276 1309 2327 gratias
1352 2276 1589 2318 relaturum
1632 2289 1741 2327 esse,
1781 2277 1899 2330 quod

217 2346 327 2390 tales
358 2346 546 2400 ineptias
572 2347 815 2401 scripsisset
829 2348 878 2401 5).

362 2473 388 2516 ¹)
415 2475 539 2512 Quint.
567 2476 657 2508 Inst.
684 2485 736 2508 or.
766 2475 815 2516 11,
839 2477 894 2516 17,
915 2478 954 2507 4:
991 2475 1175 2516 Equidem
1209 2475 1294 2508 illos
1327 2476 1391 2516 qui
1424 2480 1552 2509 contra
1586 2477 1790 2517 disputant,
1827 2486 1901 2508 non

218 2530 343 2567 tamen
372 2535 537 2577 sensisse,
574 2536 675 2576 quod
713 2535 889 2576 dicerent,
925 2544 1037 2575 quam
1074 2544 1246 2567 exercere
1281 2535 1431 2576 ingenia
1468 2537 1645 2568 materiae
1681 2536 1902 2569 difficultate

218 2594 330 2627 credo
356 2595 528 2637 voluisse,
564 2595 659 2628 sicut
696 2595 907 2636 Polycrates
928 2619 961 2627 ..
985 2595 1262 2635 ,composuisse
1298 2596 1517 2636 orationem,
1554 2605 1650 2636 quae
1685 2599 1736 2628 est
1774 2596 1901 2628 habita

216 2657 348 2687 'eontra
375 2655 573 2697 Socratem,
601 2655 748 2688 dicitur.
802 2654 943 2686 Aelian.
981 2663 1060 2686 var.
1089 2654 1170 2687 hist.
1199 2655 1261 2695 VI,
1284 2657 1345 2686 10:
1386 2654 1522 2691 Ζωΐλος
1557 2654 1814 2697 ΙῙολυκράτους
1838 2653 1902 2697 μὲν

218 2712 395 2757 ἀκουστὴς
419 2713 562 2757 ἐγένετο.
614 2713 715 2751 οὗτος
752 2714 791 2746 δὲ
828 2712 1063 2756 Πολυκράτης
1098 2713 1158 2746 καὶ
1195 2712 1256 2757 την
1291 2714 1504 2757 κατηγορίαν
1535 2713 1690 2757 ἔγραψεν
1726 2713 1787 2757 τὴν
1811 2712 1902 2747 κατὰ

222 2771 452 2816 Σωκράτους.
623 2771 649 2814 ²)
677 2774 803 2815 cobet,
828 2774 922 2806 Nov.
950 2773 1043 2814 lect„
1071 2782 1105 2813 p.
1135 2774 1202 2805 662
1218 2783 1262 2805 ss.

365 2831 392 2874 ³)
419 2833 727 2875 Christ-Schmid,
754 2834 972 2866 Geschichtc
999 2834 1033 2865 d.
1060 2833 1199 2874 griech.
1228 2831 1330 2874 Lit.··'¹,
1358 2843 1392 2874 p.
1414 2835 1494 2866 480.

362 2892 388 2934 4)
416 2893 461 2926 cf.
494 2893 604 2926 etiam
633 2893 772 2935 Hit-zei,
805 2893 1027 2934 Polycrates’
1059 2893 1227 2934 Anklagc
1256 2894 1333 2926 und
1364 2893 1506 2934 Lysias'
1538 2893 1805 2934 Verteidigung
1840 2894 1903 2926 dcs

221 2953 397 2986 Socrates.
451 2953 517 2986 Rh.
546 2953 591 2986 M.
619 2953 723 2985 XLII
749 2953 886 2994 (1887),
913 2962 947 2993 p.
970 2954 1036 2985 239
1052 2962 1096 2985 ss,

365 3011 392 3054 ⁵)
418 3014 530 3046 Isocr.
558 3014 623 3055 XI,
645 3015 683 3046 5:
712 3017 907 3056 τοιγαροῦν,
932 3012 964 3045 εἰ
987 3011 1111 3055 γένοιτ’
1139 3011 1281 3051 ἐξουσία
1310 3018 1376 3049 τοῖς
1404 3012 1682 3056 τετελευτηκόσιν
1709 3012 1901 3056 βουλεύσα-

220 3072 318 3116 σθαι,
341 3072 421 3116 περὶ
447 3076 517 3105 τῶν
541 3071 750 3116 εἰρημένων,
785 3072 805 3105 ὁ
827 3071 892 3115 μὲν
918 3070 1164 3114 [Σωκράτης]
1200 3070 1242 3115 ἢν
1277 3072 1330 3104 σοὶ
1367 3072 1537 3115 τοσαύτην
1571 3071 1643 3115 ἔχοι
1679 3071 1782 3115 χάριν
1817 3071 1901 3114 ὑπὲρ

222 3136 282 3177 τῆς
306 3133 529 3177 κατηγορίας,
555 3133 642 3176 ὅσην
667 3131 782 3170 οὐὸεὶς
810 3136 880 3166 τῶν
904 3131 1056 3166 ἐπαινεῖν
1081 3130 1187 3164 αὐτὸν
1212 3131 1434 3175 εἰθισμένων.
