2254 3496
1001 188 1048 225 41

179 314 410 366 excerptas
443 325 538 354 esse
572 325 623 354 ex
655 324 759 354 vera
792 311 1024 365 Speusippi
1063 310 1250 363 epistula
1291 321 1560 358 censeamuS,
1596 308 1714 362 quod
1750 308 1862 350 idem

183 396 237 428 ex
266 384 397 427 rebus
427 383 739 437 grammaticis,
774 383 828 426 de
854 383 1012 437 quibus
1036 383 1147 424 inl'ra
1173 395 1316 434 agam,
1345 379 1543 423 concludi
1571 393 1700 433 posse
1723 393 1863 433 spero,

326 455 468 499 Etiam
501 468 579 499 eae
606 456 818 510 epistulae
854 469 1021 506 omneS,
1055 467 1168 509 quae
1201 454 1243 495 in
1277 453 1395 495 libris
1434 452 1680 495 tricesimae
1718 465 1865 495 succe-

184 529 307 580 dunt,
339 529 424 571 iam
467 527 568 570 inde
605 542 633 571 a
677 528 833 570 Leonis
875 527 1020 570 Allatii
1053 526 1323 580 temporibus
1355 525 1423 568 vel
1457 538 1484 567 a
1516 524 1762 578 Speusippo
1796 525 1861 567 vel

184 600 242 644 ad
273 600 567 655 Speusippum
601 600 733 643 datae
765 613 860 643 esse
893 602 1117 654 putantur.
1173 598 1337 641 Harum
1360 597 1515 652 prima,
1549 609 1698 651 quam,
1722 610 1748 639 a
1769 596 1868 640 Pla-

184 675 289 716 tone
314 673 536 728 scriptam,
569 687 596 716 a
628 672 872 727 Speusippo
907 673 964 714 illi
990 672 1202 726 epistulae
1235 671 1291 714 ad
1318 669 1567 723 Philippum
1595 669 1754 711 missae
1789 670 1868 711 ad-

185 745 322 794 ditam
364 758 459 789 esse
497 746 584 788 Leo
628 745 812 788 Allatius
845 745 1142 787 arbitrabatur
1160 743 1205 796 l),
1249 743 1355 786 satis
1394 741 1554 784 insulse
1594 741 1755 795 scripta
1791 743 1868 784 est.

187 817 456 869 Perdiccam,
504 831 583 860 sua
628 817 774 871 magni
819 817 1029 859 interesse
1069 819 1229 865 ratum,
1282 814 1445 856 multas
1495 826 1602 868 opes
1643 814 1870 868 acquirere

188 889 428 933 Hesiodum
473 890 596 944 sequi
638 889 992 943 praecipientem,
1039 891 1084 930 ut
1125 887 1306 930 dimidia
1347 900 1450 940 pars
1493 885 1688 928 omnium
1725 899 1869 928 rerum

187 964 364 1017 petatur
380 963 427 1017 ²).
479 961 600 1004 Illum
642 961 869 1015 Philippus
908 959 1112 1003 imitetur.
1176 959 1304 1011 Quod
1343 960 1497 1001 auctor
1540 958 1643 1000 dicit
1674 958 1869 1000 omnium

189 1033 339 1078 oculos
364 1034 407 1076 in
439 1033 690 1087 Philippum
723 1046 770 1076 se
796 1035 1063 1083 convertere,
1098 1032 1165 1074 hic
1198 1045 1273 1073 rex
1306 1031 1476 1072 futurus
1508 1029 1726 1083 designari
1766 1029 1871 1070 mihi

190 1105 374 1149 videtur.
437 1105 523 1149 Sed
556 1118 655 1148 cum
689 1104 925 1148 Perdiccae
958 1105 1174 1159 Amyntas
1206 1103 1319 1145 filius
1352 1104 1480 1153 esset,
1514 1101 1741 1155 Philippus
1774 1113 1873 1155 spe-

191 1191 291 1222 rare
322 1191 410 1221 non
443 1180 619 1232 poterat
641 1190 686 1220 se
718 1189 899 1229 regnum
933 1175 1171 1230 aliquando
1204 1177 1519 1229 occupaturum
1556 1187 1662 1217 esse.

343 1250 451 1292 Tres
489 1250 806 1304 subsequentes
841 1248 1091 1302 epistulas³³)
1125 1261 1177 1290 ea
1216 1247 1271 1290 de
1309 1259 1442 1289 causa
1482 1246 1652 1300 spurias
1685 1258 1779 1288 esse
1812 1245 1875 1286 iu-

191 1321 304 1375 dico,
326 1321 446 1377 quod
472 1322 654 1364 ultimae
673 1334 834 1374 magna
854 1334 956 1375 pars
971 1334 1023 1363 ex
1050 1323 1207 1374 quarta
1229 1319 1423 1362 Platonis
1451 1318 1637 1373 epistula
1658 1317 1873 1371 exscripta

192 1397 259 1437 est
274 1394 309 1450 11)
341 1397 384 1437 et
415 1393 535 1448 quod
567 1394 610 1436 in
646 1393 818 1437 duabus
851 1393 1018 1444 ceteris,
1040 1405 1153 1446 quae
1174 1406 1200 1434 a
1227 1392 1472 1446 Speusippo
1500 1391 1556 1433 ad
1581 1390 1872 1433 Xenocratem

192 1466 380 1522 scriptae
435 1479 530 1509 esse
583 1467 807 1518 finguntur
827 1465 874 1521 ⁵),
927 1465 1104 1507 scholae
1155 1463 1544 1518 Peripateticorum
1601 1462 1766 1505 mentio
1811 1462 1874 1503 fit.

193 1539 467 1594 Speusippus
507 1539 595 1581 iam
635 1551 751 1581 anno
799 1539 884 1580 339
924 1539 1123 1579 mortuus
1166 1539 1260 1579 erat
1287 1538 1329 1578 et
1368 1534 1639 1586 AristoteleS,
1674 1533 1876 1588 princeps

195 1611 600 1666 Peripateticorum,
643 1613 855 1665 quattuor
897 1609 1024 1652 annis
1068 1611 1168 1663 post
1207 1622 1257 1651 ex
1299 1608 1401 1651 aula
1432 1607 1550 1660 regia
1588 1606 1877 1649 Macedonum

194 1684 393 1727 Athenas
425 1683 607 1727 revertit
623 1683 656 1737 ὅ)
690 1685 733 1725 et
767 1686 857 1725 tum
886 1683 1064 1725 demum
1087 1680 1323 1735 discipulos
1344 1680 1507 1723 habere
1540 1678 1695 1732 coepit.
1737 1678 1877 1732 Speu-

195 1757 347 1812 sippus
387 1756 516 1809 igitur
553 1754 718 1798 nullam
762 1754 991 1809 epistulam
1040 1753 1225 1807 scripsit,
1270 1753 1313 1795 in
1359 1766 1446 1806 qua
1486 1750 1877 1805 Peripateticorum

195 1832 316 1874 secta
347 1828 733 1872 commemoratur.

340 1901 404 1944 De
425 1901 476 1943 iis
496 1901 639 1951 rebus,
667 1912 777 1954 quas
804 1901 890 1941 tres
913 1898 1091 1941 ultimae
1113 1898 1349 1949 continent,
1380 1896 1695 1939 Constantinus
1723 1894 1878 1946 Ritter,

199 1974 263 2016 vir
293 1973 586 2025 doctissimus,
626 1972 813 2026 plurima
856 1971 1034 2025 protulit
1054 1971 1096 2026 ³).
1160 1970 1246 2012 Sed
1286 1983 1383 2011 cum
1419 1983 1469 2012 ex
1513 1968 1562 2010 iis
1604 1967 1708 2010 nihil
1747 1967 1879 2009 statui

198 2045 350 2101 possit,
382 2058 471 2100 quo
504 2045 672 2087 eluceat
705 2043 911 2098 epistulas
944 2056 1031 2085 non
1065 2042 1275 2095 genuinas
1302 2055 1410 2093 esse,
1435 2054 1577 2095 neque
1610 2040 1702 2095 ipse
1735 2039 1881 2081 Ritter

198 2118 328 2162 rebus
360 2117 487 2171 longe
519 2117 694 2171 lateque
727 2116 933 2170 expositis
978 2115 1033 2157 ad
1073 2118 1238 2157 certum
1274 2114 1478 2156 iudicium
1512 2113 1772 2167 pervenerit,
1807 2124 1882 2154 eas

200 2190 283 2234 hoc
313 2189 410 2232 loco
437 2187 726 2242 neglegendas
757 2201 852 2230 esse
885 2200 1054 2230 cense0.
1098 2186 1191 2228 Hoc
1223 2199 1359 2228 unum
1392 2186 1548 2228 afferre
1582 2183 1688 2226 satis
1720 2182 1878 2233 habeo,

201 2275 289 2317 quo
331 2262 456 2305 nixus
494 2260 636 2303 Ritter
652 2261 684 2314 θ“)
727 2260 938 2314 epistulae
979 2259 1224 2301 tricesimae
1271 2257 1449 2311 quintae
1491 2256 1675 2298 multum
1718 2255 1881 2297 tribuit.

202 2334 385 2377 Ineunte
428 2333 614 2387 epistula
660 2332 865 2385 legimus:
926 2332 1141 2385 συγχαίρω
1187 2330 1511 2383 Συρακουσίοις,
1553 2329 1613 2369 ὅτι
1652 2330 1884 2369 πέπαυνται

202 2407 274 2449 τὸν
305 2411 452 2462 χοῖρον
478 2408 628 2460 ἴακχον
648 2406 874 2450 καλοῦντες
901 2404 972 2445 καὶ
1012 2403 1083 2444 τὸν
1114 2404 1221 2456 βοῦν
1253 2402 1436 2456 γαρόταν
1474 2401 1544 2442 καὶ
1575 2400 1798 2455 βαλλάντια
1836 2399 1884 2439 τὰ

208 2479 395 2526 ἀκόντια,
415 2478 688 2531 καρποτόκον
721 2493 761 2519 τε
792 2481 918 2531 μῆνα,
952 2476 1012 2517 ὅτι
1044 2474 1210 2528 καρπὸς
1243 2475 1286 2515 ἓν
1318 2474 1435 2527 αὐτῷ
1468 2474 1630 2527 γίνεται.
1675 2472 1883 2514 Veterum

204 2563 348 2593 rerum
403 2551 636 2604 scriptores
676 2550 859 2591 narrant
899 2546 1154 2602 Dionysium
1195 2545 1404 2589 Maiorem
1446 2546 1486 2587 in
1528 2544 1763 2598 tragoediis
1795 2543 1885 2585 suis

211 2635 396 2676 „magna
426 2621 601 2665 licentia
638 2621 941 2664 novandarum
982 2619 1370 2672 significationum“
1418 2631 1542 2660 usum
1586 2617 1730 2667 fuisse,
1765 2615 1886 2658 cuius

206 2708 347 2749 pauca
368 2695 566 2755 exempla
594 2694 721 2738 affert
748 2693 1001 2736 Athenaeus
1017 2692 1104 2746 (ΙΙΙ,
1133 2693 1188 2733 98
1205 2691 1280 2746 C):
1302 2725 1311 2734 .
1333 2725 1341 2734 .
1367 2725 1376 2733 .
1399 2692 1447 2736 ὃς
1473 2691 1546 2744 τὴν
1565 2690 1643 2743 μὲν
1668 2690 1887 2742 παρθένον

354 2821 379 2862 ·)
406 2823 533 2865 Ritter,
560 2833 595 2864 p.
618 2824 696 2855 382.

353 2881 380 2923 ἱ’)
409 2883 493 2915 Hes.
520 2882 603 2925 ἔργα
629 2880 690 2915 καὶ
718 2880 777 2924 ἥμ.
805 2891 839 2913 v.
862 2883 926 2913 40:
955 2878 1102 2922 Νήπιοι,
1127 2877 1210 2911 αι”ὁὲ
1236 2878 1359 2918 ἴσασιν,
1386 2877 1459 2918 ὅσῳ
1485 2874 1589 2908 πλέον
1617 2875 1723 2918 ἥμισυ
1749 2874 1887 2910 παντός.

354 2941 380 2982 ²¹)
407 2943 458 2975 De
484 2942 542 2974 his
566 2944 601 2973 et
627 2942 672 2973 de
698 2941 813 2973 XXX.
865 2940 909 2972 cf.
938 2940 1020 2979 Leo,
1047 2938 1306 2971 Griech.-rt'›m.
1337 2935 1575 2977 Biographie,
1603 2944 1637 2974 p.
1661 2936 1715 2965 57.

353 3002 380 3042 ⁴)
409 3002 536 3043 Ritter,
563 3011 598 3042 p.
620 3003 699 3034 382.
847 2999 873 3039 ·”’)
903 3000 1017 3040 Idem,
1045 3008 1079 3039 p.
1103 2999 1188 3037 382;
1219 2998 1301 3038 Leo,
1329 3007 1362 3037 p.
1387 2998 1441 3029 57.

354 3062 381 3103 ⁰)
409 3062 538 3103 Zeller,
566 3062 616 3103 II,
641 3064 669 3102 1,
697 3070 731 3102 p.
754 3062 820 3093 987
849 3063 934 3092 adn.

358 3119 382 3162 7)
411 3121 503 3154 Inde
530 3130 550 3153 a
577 3120 715 3161 pagina
743 3121 809 3152 382
838 3120 884 3151 ad
913 3120 991 3151 397.
1140 3116 1167 3158 ⁸)
1195 3127 1228 3158 p.
1254 3118 1331 3149 389.
