2254 3496
1009 228 1060 267 65

193 353 268 393 την
284 338 393 380 ποίει
418 339 569 380 τούτου
591 337 763 393 (ΧΧΙΧ,
789 339 849 394 5),
895 340 1036 381 αὐτῶν
1059 341 1187 381 εἰπεῖν
1207 339 1348 393 ὀλίγας
1377 339 1528 394 (ΧΧΧ,
1561 339 1616 395 1),
1644 340 1716 386 τόις
1744 341 1880 394 θύρας

192 410 408 465 ἔμπίπρης
440 414 524 452 τῶν
558 412 756 463 γειτόνων
788 411 1018 466 (XXXVI).

334 481 477 524 Etiam
510 481 622 524 aliae
661 495 789 525 voces
831 482 1076 535 iungendae
1116 482 1250 525 verbo
1292 482 1535 537 diremptae
1574 486 1694 526 sunt:
1740 485 1880 530 αὐτοῖς

191 553 420 606 πειρᾶσθαι
460 554 720 607 ,παραμένειν
755 554 888 607 (XXI,
917 553 977 608 2),
1017 554 1107 594 οἷόν
1149 570 1190 595 τε
1231 554 1455 608 ἀναλαβεῖν
1496 556 1577 596 ἔστι
1621 555 1790 610 (ΧΧΙΙ),
1830 554 1880 610 ἧς

196 624 403 679 φαίνεσθε
433 625 716 680 μνημονεύειν
755 625 946 680 (XXVI),
987 629 1071 666 τῶν
1101 629 1271 680 μικρῶν
1303 627 1416 679 ὑμᾶς
1448 627 1498 667 οὗ
1536 627 1882 680 παρακελεύομαι

192 701 474 751 καταφρονεῖν
507 696 683 752 (XXlX,
711 697 769 751 3),
803 698 900 743 τοὺς
931 698 1084 751 λόγους
1104 699 1202 752 ἐξῆν
1216 686 1444 751 Ἰσοκράτει
1476 699 1606 752 λέγειν
1641 699 1794 753 (XXX,
1818 699 1878 753 3),

191 767 325 810 καλὸν
355 769 593 823 ἡγούμενος
624 770 695 810 καὶ
728 770 892 811 δίκαιον
925 769 1025 811 εἶναι
1059 769 1253 824 (XXXII,
1287 769 1346 823 2).

335 838 668 883 Substantivum
703 840 759 883 ab
786 841 997 883 attributo
1030 841 1114 883 alio
1148 841 1422 884 substantivo
1455 842 1521 883 vel
1563 842 1778 884 adiectivo
1812 843 1877 885 vel

193 923 299 953 voce
332 911 488 965 quavis
522 912 767 954 seiunctum
801 924 896 954 esse
928 912 1127 954 videmus
1148 912 1213 953 his
1236 912 1359 954 locis:
1386 914 1502 966 παρὰ
1537 915 1711 960 ζώντων
1743 914 1879 965 μόνον

192 982 362 1038 ὃωρεὰς
387 987 472 1025 τῶν
494 984 631 1038 φίλων
659 983 746 1039 (Vl,
775 983 828 1038 l),
849 985 990 1037 λόγων
1010 985 1260 1038 ἓπιμελητάν
1279 989 1365 1026 τῶν
1383 985 1680 1038 Σωκρατικῶν
1701 985 1792 1040 (ΙΧ,
1824 986 1876 1040 l),

189 1056 342 1102 πάντες
373 1056 441 1097 ἀπ’
472 1057 671 1110 Ἀθηνῶν
703 1058 744 1097 οἱ
775 1057 1040 1109 Σωκράτους
1079 1057 1246 1108 ἐρασταὶ
1284 1056 1434 1111 (XVI),
1467 1061 1540 1098 τοῦ
1574 1082 1627 1086 -—
1662 1057 1879 1100 intersunt

191 1127 543 1181 quattuordecim
584 1127 717 1170 verba
753 1153 804 1156 »-
848 1127 1113 1181 Σωκράτους
1154 1128 1343 1182 (XXVII,
1378 1128 1434 1183 1),
1479 1129 1776 1183 Λαμπροκλῆς
1821 1131 1878 1175 εἷς

191 1199 397 1254 Κυρήνην
429 1200 453 1241 ὁ
485 1199 750 1253 Σωκράτους
784 1200 956 1255 (ΧΧΙΧ,
992 1199 1050 1255 4),
1084 1199 1219 1242 ἆθλον
1254 1200 1438 1247 Πυθίοις
1475 1205 1547 1254 τῆς
1584 1202 1642 1246 εἰς
1685 1201 1877 1255 Δελφοὺς

191 1273 404 1325 στρατείας
436 1271 574 1327 (ΧΧΧ
596 1270 656 1325 8),
690 1272 770 1326 χρὴ
806 1273 955 1326 ταύτης
986 1273 1145 1318 πάντας
1178 1273 1370 1326 ἐφίεσθαι
1406 1272 1572 1326 (XVll),
1615 1274 1661 1314 ἐκ
1695 1275 1793 1314 νέου
1822 1275 1877 1314 ἔτι.

189 1343 343 1390 παιδὸς
375 1342 566 1398 (XXVII,
600 1342 659 1397 ⁶2),
694 1347 777 1384 τῶν
809 1343 950 1385 ἄλλων
981 1344 1104 1384 πάλιν
1138 1345 1409 1398 τεχνημάτων
1443 1343 1652 1397 (XXVIIl,
1688 1344 1747 1398 2).

334 1413 503 1466 Quibus
536 1415 805 1467 argumentis
844 1415 898 1456 de
941 1415 1171 1457 verborum
1216 1415 1498 1458 collocatione
1531 1415 1674 1457 allatis
1707 1416 1877 1458 elucere

191 1488 300 1541 puto
332 1486 448 1529 illam
484 1490 749 1530 structuram
784 1487 1026 1540 quaesitam
1062 1490 1104 1530 et
1138 1487 1192 1528 de
1229 1487 1444 1530 industria
1489 1487 1732 1530 adhibitam
1767 1501 1873 1530 esse.

192 1557 314 1601 Haec
353 1558 490 1601 libera
530 1572 580 1601 ac
621 1559 836 1601 rhetorica
862 1559 975 1602 ratio
1015 1559 1147 1602 verba
1181 1559 1437 1611 collocandi,
1478 1573 1592 1613 quae
1632 1561 1715 1602 iam
1758 1560 1874 1614 apud

192 1630 360 1686 priores
392 1633 594 1674 auctores
626 1631 801 1685 saepius
834 1632 1022 1674 occurrit
1040 1631 1085 1685 ¹),
1128 1632 1228 1674 inde
1270 1647 1296 1674 a
1339 1631 1503 1686 Polybii
1532 1634 1677 1674 aetate
1711 1633 1876 1686 saepis-

195 1702 304 1745 sime
335 1706 576 1757 usurpatur
593 1702 625 1757 ²)
658 1706 701 1745 et
733 1703 851 1757 apud
884 1703 1148 1745 recentiores
1166 1703 1197 1758 3)
1231 1704 1349 1745 velut
1382 1704 1494 1753 Arr.‚
1518 1704 1627 1755 Ael.,
1656 1703 1874 1755 Philostr.,

189 1774 402 1829 imprimis
432 1774 756 1817 substantivum
790 1777 831 1817 et
864 1775 1123 1818 attributum
1157 1775 1290 1818 verbo
1324 1775 1627 1829 seiungitur⁴).

334 1845 556 1890 Nonnulla
589 1846 753 1889 addam
793 1846 847 1889 de
891 1847 1179 1890 collocatione
1210 1847 1483 1900 pronominis
1524 1847 1873 1898 demonstrativi,

190 1918 310 1973 quod
341 1918 535 1972 quinque
567 1918 672 1960 locis
694 1918 848 1960 eodem
883 1919 1014 1960 modo
1041 1919 1232 1972 positum
1273 1921 1351 1970 est,
1392 1932 1479 1972 quo
1519 1932 1761 1972 pronomen
1806 1932 1874 1961 re-

190 1989 396 2032 flexivum
429 1990 533 2044 poni
566 1990 698 2032 solet:
733 1989 907 2041 XXXII,
935 1991 975 2032 l:
1004 1990 1074 2031 τὸν
1107 1991 1236 2031 αὐτοῦ
1268 1992 1375 2044 βίον,
1411 1990 1544 2040 XXX,
1579 1992 1649 2033 lO:
1684 1992 1757 2045 τὴν
1789 2007 1869 2032 πα-

190 2062 309 2116 τρίδα
341 2062 415 2117 τὴν
440 2063 582 2108 αὐτοῦ,
618 2062 750 2113 XXII,
779 2063 826 2104 92:
859 2062 932 2116 τὴν
970 2064 1131 2104 ἐκείνου
1171 2063 1335 2117 ἀρετὴν,
1375 2062 1568 2113 XXXIV,
1591 2063 1637 2105 Ξῖ
1658 2063 1786 2116 πρὸς
1828 2063 1873 2104 τὸ

191 2133 356 2175 ἐκείνου
383 2133 506 2188 ἦθος,
539 2133 674 2184 XXX,
696 2134 743 2175 8:
777 2134 848 2180 τὰς
881 2135 1040 2176 τούτων
1072 2135 1261 2189 ψήφους.
1323 2133 1443 2176 Haec
1476 2147 1652 2188 quoque
1678 2134 1873 2187 proprie-

189 2206 259 2248 tas
291 2207 359 2248 est
389 2205 693 2256 recentiorum,
728 2218 841 2258 quae
873 2205 1107 2259 praecipue
1140 2205 1753 2259 imperatorum.temporibus
1774 2219 1872 2259 per-

188 2276 444 2332 erebi-niv).

333 2412 360 2455 ¹)
387 2413 500 2456 Stich,
527 2414 616 2446 Acta
642 2423 729 2446 sem.
758 2414 833 2446 Erl.
863 2414 912 2455 II,
940 2423 974 2454 p.
998 2415 1064 2446 206
1079 2423 1123 2446 ss.
1176 2414 1414 2455 Lindliamer,
1442 2423 1476 2454 p.
1500 2415 1542 2445 63
1570 2418 1604 2446 ot
1623 2415 1679 2446 49.

321 2471 359 2517 ¹²)
387 2474 536 2515 Usener,
563 2475 636 2507 Der
661 2475 710 2506 hl.
739 2474 977 2514 Theodosius,
1006 2484 1039 2514 p.
1063 2474 1106 2515 X,
1134 2474 1218 2506 adn.
1242 2476 1272 2506 4.

333 2530 362 2574 ⁸)
388 2533 552 2576 Schmid,
580 2535 629 2575 II,
656 2544 692 2575 p,
714 2536 781 2567 283
797 2544 844 2574 s.;
874 2535 944 2575 ΙΙΙ,
972 2544 1006 2574 p.
1031 2535 1097 2566 313
1114 2544 1176 2573 SS.;
1208 2535 1269 2575 IV,
1297 2544 1331 2575 p.
1355 2536 1433 2567 516.

332 2591 360 2634 ⁴)
388 2594 560 2635 Kaelker,
588 2594 709 2634 Leipz.
738 2595 840 2627 Stud.
871 2594 940 2634 III,
967 2603 1001 2633 p.
1025 2596 1110 2634 257;
1141 2593 1420 2635 Meister11ans³³,
1449 2604 1482 2635 1).
1508 2596 1591 2631 154:
1629 2594 1792 2635 Schmid,
1821 2595 1870 2637 ΙΙ,

189 2661 224 2694 p.
245 2654 310 2694 483
340 2653 410 2695 111,
437 2663 472 2694 p.
495 2655 558 2694 66;
588 2655 649 2696 1v,
677 2664 711 2695 p.
734 2656 812 2686 614.
