2254 3496
995 186 1018 225 9

168 303 291 352 τερον
329 298 578 352 πέμψαντός
619 314 696 340 σου
738 298 1042 352 ἀπηγόρευσεν.
1110 298 1318 339 Ἀπειθεῖν
1362 297 1407 339 δὲ
1448 298 1564 350 αὐτῷ
1608 297 1726 338 ὀκνῶ
1771 295 1847 351 (7).

163 369 272 412 Ἀλλ’
307 370 409 412 οὐδὲ
441 375 501 424 τῷ
533 371 626 424 θεῷ
658 371 904 423 συναρέσκει
938 370 1043 424 (12).

317 441 362 484 V.
396 441 444 484 In
482 440 596 484 bello
634 441 863 495 pecuniam
909 441 1277 484 contemnendam
1323 453 1418 482 esse
1451 440 1525 495 (2).
1595 439 1693 482 Non
1733 442 1850 482 recte

170 513 312 556 facere
344 512 697 566 Xenophontem,
731 513 806 567 qui
838 526 935 555 cum
976 513 1088 567 Cyro
1127 513 1183 554 ad
1217 512 1378 555 bellum
1417 511 1730 566 proficiscatur.
1794 511 1851 554 Se

171 584 312 638 ipsum
341 596 388 626 se
407 583 570 626 bonum
593 584 732 626 virum
757 586 980 637 praestare
1000 584 1109 626 velle
1132 583 1206 637 (2).
1238 584 1413 637 Ἄνδρες
1433 583 1590 637 ἀγαθοὶ
1610 584 1851 636 γενώμεθα.

314 655 384 698 VI.
417 655 654 710 Perpaucis
675 655 818 698 verbis
844 655 1096 709 praemissis
1122 657 1215 697 tota
1243 654 1428 709 epistula
1455 657 1691 709 paupertas
1718 654 1852 708 piuri-

173 727 253 770 mis
292 727 436 770 verbis
476 727 755 781 praedicatur
794 730 836 770 et
874 727 1082 770 luxuriosi
1122 740 1264 769 mores
1304 727 1531 769 hominum
1572 726 1850 781 quorundam

172 799 394 844 acerrimis
440 799 581 844 verbis
630 800 910 853 castigantur.
977 800 1090 853 Ἐγὼ
1134 801 1264 854 πένης
1301 801 1502 854 αἱροῦμαι
1540 801 1673 852 βιοῦν,
1715 800 1851 840 ἔπειτα

175 872 273 921 ἒξόν
303 888 378 927 μοι
408 871 524 926 παρὰ
556 872 727 913 πολλῶν
764 871 898 913 πολλὰ
936 872 1165 926 λαμβάνειν
1196 872 1246 912 οὗ
1273 871 1345 917 τὰς
1381 871 1497 924 παρὰ
1525 872 1699 920 ζώντων
1718 870 1854 924 μόνον

174 943 341 998 δωρεὰς
373 947 457 985 τῶν
489 944 638 997 φίλων,
672 943 774 984 ἀλλὰ
814 943 884 984 καὶ
924 944 1001 985 ὅσα
1035 944 1086 984 ἂν
1127 943 1395 989 τελευτῶντες
1431 959 1504 996 μοι
1538 943 1707 996 ἀφῶσιν
1739 942 1853 983 ἑκὼν

172 1020 456 1070 παραιτοῦμαι
491 1014 569 1070 (1).
634 1015 771 1057 Deum
807 1015 947 1069 ipsum
982 1014 1232 1057 hominibus
1267 1015 1348 1057 nisi
1380 1020 1441 1069 τῷ
1471 1014 1657 1069 μηδενὸς
1684 1015 1853 1056 δεῖσθαι

166 1100 256 1130 non
290 1089 527 1142 praestare.
598 1087 780 1130 Beatam
829 1087 963 1129 vitam
1003 1087 1209 1129 virtutem
1244 1087 1383 1130 solam
1435 1099 1592 1140 parare
1626 1099 1755 1140 posse
1776 1085 1852 1141 (4),

173 1171 272 1202 cum
305 1158 491 1214 pecunia
523 1159 742 1201 neminem
778 1158 999 1200 meliorem
1035 1157 1282 1201 reddiderit.

318 1230 406 1274 VII.
439 1230 497 1274 Se
527 1230 632 1273 nihil
667 1230 770 1273 mali
802 1231 1018 1273 faciurum
1052 1244 1162 1273 esse.
1231 1230 1422 1285 Πονηρία
1460 1230 1631 1271 πάντων
1662 1231 1856 1284 μέγιστον

173 1302 311 1345 κακόν
337 1303 443 1345 ἔστιν
475 1301 553 1359 (4)

319 1373 434 1418 VIIb.
472 1375 668 1430 Ἄμεινον
710 1378 793 1421 τοῖς
831 1374 1062 1429 ἀλλοτρίοις
1099 1375 1397 1429 ἁμαρτήμασιν
1435 1374 1668 1416 ἀποθανεῖν
1711 1374 1737 1428 ἤ
1776 1377 1859 1420 τοῖς

173 1448 294 1495 ἰδίοις
324 1445 531 1503 σωθῆναι.

319 1518 426 1564 VIII.
465 1518 557 1561 Οὐκ
595 1519 677 1560 ἔστι
716 1523 836 1559 τοῦτο
875 1518 1122 1572 φιλοσοφεῖν
1160 1517 1205 1559 τὸ
1243 1518 1359 1571 παρὰ
1399 1518 1616 1571 τυράννοις
1655 1517 1856 1571 ἀνδράσιν

174 1591 276 1634 εἶναι
307 1592 380 1634 καὶ
410 1591 648 1637 Σικελικαῖς
679 1591 954 1645 προσανέχειν
975 1591 1208 1643 τραπέζαις,
1236 1590 1339 1631 ἀλλὰ
1365 1590 1528 1643 μᾶλλον
1554 1589 1600 1631 τὸ
1627 1591 1670 1631 ἓν
1697 1594 1744 1644 τῇ
1772 1589 1856 1643 ἰδίᾳ

175 1667 260 1706 τῶν
291 1663 518 1717 αὐτάρκων
551 1663 756 1717 ἐφίεσθαι.
825 1662 883 1703 Τὰ
916 1664 1110 1717 χρήματα
1145 1663 1224 1704 οὐκ
1259 1663 1466 1716 ἀναγκαῖά
1499 1663 1616 1704 ἐστιν.

318 1735 389 1778 ΙΧ.
429 1735 526 1789 Ipse
568 1734 817 1789 Aristippus
859 1735 1165 1788 paupertatem
1210 1734 1424 1788 optimam
1467 1748 1563 1776 esse
1606 1733 1769 1776 iudicat
1813 1735 1857 1775 et

175 1808 386 1864 queritur,
419 1807 538 1862 quod
573 1820 660 1849 non
696 1806 851 1849 eodem
885 1806 1018 1849 modo
1053 1807 1198 1849 vivere
1230 1807 1367 1860 possit
1393 1809 1526 1861 atque
1559 1806 1856 1856 AntistheneS‚

175 1881 244 1924 cui
275 1880 444 1931 suadet,
477 1883 526 1922 ut
553 1880 660 1922 ficus
686 1882 884 1933 reponat,
911 1882 959 1922 ut
992 1879 1167 1930 habeat,
1201 1892 1288 1933 quo
1322 1879 1463 1921 hieme
1497 1881 1711 1921 vescatur.
1758 1878 1857 1920 Dio-

177 1950 359 2008 nysium
379 1955 614 2008 tyrannum
649 1965 790 2005 neque
823 1951 928 1993 deos
960 1952 1148 1994 revereri
1182 1965 1323 2005 neque
1355 1951 1556 1994 homines
1590 1951 1741 1993 vereri.

195 2013 198 2016 ⁴
318 2024 371 2066 X.
404 2024 587 2066 Iuvenes
619 2023 856 2065 Locrenses
883 2022 986 2064 nihil
1019 2023 1122 2065 mali
1155 2023 1423 2065 commisisse
1457 2036 1598 2077 neque
1637 2036 1745 2074 esse,
1783 2035 1860 2064 cur

178 2095 407 2150 Dionysius
439 2108 513 2138 eos
546 2107 688 2149 poena
721 2095 901 2137 afficiat.

320 2167 391 2210 XI.
427 2166 488 2210 Ex
531 2167 672 2210 verbis
714 2166 924 2220 Aristippi
962 2167 1131 2209 elucere
1179 2167 1351 2209 videtur
1399 2180 1499 2209 eum
1549 2166 1856 2224 Antisthenem

177 2239 370 2292 laudare,
403 2239 523 2294 quod
560 2241 750 2282 sectetur
787 2239 949 2293 probos
990 2239 1175 2292 pistores
1207 2242 1251 2281 et
1284 2252 1518 2293 caupones,
1559 2239 1633 2293 qui
1672 2238 1858 2282 Athenis

178 2312 360 2355 farinam
394 2311 672 2361 sinefraude
705 2311 910 2354 vendant.

321 2383 413 2426 XII}
446 2384 568 2426 Simo
601 2386 723 2426 sutor
755 2384 965 2426 admonet
997 2383 1290 2437 Aristippum:
1327 2384 1540 2438 Μέμνησο
1571 2385 1713 2438 μέντοι
1736 2384 1860 2437 λιμοῦ

179 2457 250 2499 καὶ
283 2458 430 2511 δίψης·
465 2461 590 2498 ταῦτα
624 2457 704 2510 γὰρ
739 2457 910 2498 δύναται
941 2456 1103 2509 μεγάλα
1136 2460 1219 2502 τοῖς
1251 2457 1539 2511 σωφροσύνην
1572 2457 1813 2498 διώκουσιν.

321 2527 433 2570 XIII.
466 2527 689 2570 Simonem
715 2531 892 2581 egentes
913 2530 955 2569 et
982 2527 1167 2569 incultos
1194 2527 1309 2569 viros
1337 2527 1377 2569 in
1407 2541 1589 2570 numero
1616 2528 1857 2570 amicorum

179 2599 342 2643 habere
373 2599 436 2655 (⁶2)
471 2602 513 2642 et
545 2600 663 2642 illum
700 2601 840 2654 ipsum
875 2599 1095 2641 hominem
1132 2600 1393 2643 mediocrem
1436 2602 1478 2642 et
1504 2613 1742 2654 pauperem
1766 2613 1860 2642 om-

179 2685 257 2714 nes
289 2671 457 2714 nobiles
489 2671 674 2714 libenter
699 2672 919 2715 audivisse
952 2671 1029 2726 (1).

323 2744 419 2786 XIV
425 2777 613 2788 .....
648 2745 718 2786 τὸν
751 2745 831 2798 γὰρ
864 2744 1102 2797 φιλόσοφον
1121 2744 1258 2798 μηδὲν
1290 2744 1390 2785 ἄλλο
1422 2748 1556 2784 ποιεῖν
1599 2760 1622 2797 η
1658 2744 1861 2799 θανατᾶν,

183 2815 326 2870 ἐπειδὴ
360 2820 432 2857 τοῦ
466 2817 664 2870 σώματος
695 2816 937 2870 αἰτημάτων
968 2819 1240 2868 καταφρονεῖ,
1271 2815 1331 2870 μὴ
1367 2815 1653 2868 δουλούμενος
1673 2819 1759 2861 ταῖς
1789 2818 1862 2855 τοῦ

180 2889 379 2939 σώματος
422 2889 592 2942 ἡδοναῖς
619 2887 696 2942 (8).
761 2888 955 2942 Anytum
990 2890 1032 2929 et
1067 2887 1284 2938 Meletum,
1331 2886 1523 2929 Socratis
1566 2889 1861 2938 accusatores,

183 2960 322 3003 malos
360 2973 455 3003 esse
497 2960 714 3002 homines:
754 2961 887 3001 τούτω
929 2960 1008 3013 γὰρ
1058 2960 1117 3001 τὼ
1161 2960 1418 3013 μιαρωτάτω
1464 2959 1592 3012 ἄνδρε
1629 2960 1753 3013 μέχρι
1793 2964 1863 3013 τῆς

182 3033 369 3087 τελευτῆς
413 3037 497 3074 τῶν
533 3033 797 3085 πραγμάτων
840 3033 1148 3086 παρεμεινάτην
1185 3030 1471 3086 7102’179cb(i)‚
1518 3044 1614 3072 cum
1657 3030 1861 3074 Socrates

183 3103 274 3159 ipse
307 3117 361 3146 ne
394 3102 620 3146 minimam
654 3102 831 3157 quidem
865 3102 1067 3145 iniuriam
1090 3102 1237 3145 fecerit
1265 3101 1342 3156 (4).
1377 3102 1434 3143 Εἰ
1460 3103 1650 3156 μέντοιγε
1682 3103 1863 3156 ποιήσας
