2254 3496
1064 177 1110 219 19

245 291 450 348 legimus:
503 291 564 334 ‘O
610 291 655 334 δὲ
700 292 922 345 ἐλλέβορος
960 293 1026 334 ἐπὶ
1071 292 1199 334 ταῦτὰ
1237 296 1284 346 τῇ
1324 308 1364 333 τε
1410 291 1504 345 ῥίζᾳ
1550 290 1619 332 καὶ
1664 287 1723 344 τῷ
1770 294 1929 344 καρπῷ

243 366 462 421 χρήσιμος,
483 366 598 418 εἴπερ
621 365 662 405 οῖ
687 365 730 405 ἐν
742 365 977 418 Ἀντικύρᾳ,
992 365 1192 417 καθάπερ
1213 364 1353 416 φασὶν,
1375 369 1435 416 τῷ
1456 369 1612 416 καρπῷ
1635 364 1925 416 καθαίροιινσιν.

245 437 343 490 Quo
386 437 481 480 loco
514 437 613 480 ,iam
656 436 865 491 AntIcyra
909 437 1292 486 commemoratur,
1332 435 1454 478 cuius
1497 435 1663 477 incolae
1706 434 1927 477 helleboro

244 511 440 552 utuntur.
513 508 649 551 Paulo
697 509 807 550 infra
851 508 1064 551 habemus
1108 508 1198 564 (lX,
1238 509 1303 559 10,
1333 509 1393 558 3):
1435 509 1582 561 φύεται
1622 508 1645 548 ὁ
1684 508 1760 558 μὲν
1798 508 1928 560 μέλας

242 585 460 636 πανταχοῦ
494 581 665 634 καὶγὰρ
687 582 730 622 ἒν
763 585 810 635 τῇ
825 581 1010 634 Βοιωτίᾳ
1031 580 1102 622 καὶ
1116 581 1160 622 ἒν
1175 580 1339 634 Εὐβοίᾳ
1369 580 1439 620 καὶ
1463 580 1559 632 παρ’
1593 580 1732 625 ἄλλοις
1746 580 1927 625 πολλοῖς.

237 653 429 707 Ἄριστος
462 652 508 694 δὲ
546 653 593 694 ἐκ
634 656 705 694 τοῖ’
739 652 969 698 Ἑλικῶνος
1007 652 1077 693 καὶ
1117 652 1216 693 ὅλον
1256 651 1300 692 τὸ
1342 652 1444 704 ὄρος
1482 652 1784 705 εὗφάρμακον·
1826 652 1849 691 ὁ
1883 651 1928 692 δὲ

244 724 396 771 λευκὸς
433 724 673 778 ὀλιγαρχοῦ,
705 723 902 778 βέλτιστοι
943 724 988 765 ὁὲ
1020 725 1091 764 καὶ
1129 723 1190 769 οἷς
1231 726 1414 776 χρῶνται
1452 722 1627 775 μάλιστα
1668 723 1869 775 τέτταρες·
1904 724 1928 763 ὁ

245 797 410 842 οἶταῒος,
443 795 467 837 ὁ
499 795 708 841 ποντικὸς,
751 796 775 835 ὁ
808 796 987 849 §stenima
1029 795 1052 836 ὁ
1084 795 1315 848 μαλιώτης·
1356 794 1524 846 ἄριστος
1564 794 1609 834 δὲ
1648 795 1819 835 πάντων
1859 795 1928 835 καὶ

244 868 406 910 τούτων
437 867 508 908 καὶ
528 871 612 908 τῶν
638 867 779 908 ἄλλων
799 867 823 907 ὁ
844 867 997 911 οἷταῒος
1017 866 1088 907 καὶ
1121 866 1267 906 πολλοὶ
1288 865 1358 906 καὶ
1379 866 1586 906 ὠνοῦνται
1613 865 1683 906 καὶ
1712 866 1927 908 πολοῦσιν.

245 938 346 991 Qua
397 938 452 981 de
509 951 643 981 causa
695 937 943 992 Aristippus
997 936 1224 992 Syracusis
1270 936 1539 991 Anticyram,
1586 936 1626 978 in
1686 939 1775 978 tam
1836 937 1928 978 lon-

245 1011 455 1066 ginquam
490 1011 642 1052 urbem
676 1023 721 1051 se
753 1011 982 1060 conferret,
1029 1022 1126 1051 cum
1162 1009 1230 1050 ille
1271 1008 1518 1050 helleborus
1562 1008 1723 1062 ubique
1763 1013 1805 1051 et
1837 1024 1929 1052 cre-

245 1085 387 1126 sceret
418 1085 462 1125 et
494 1081 687 1125 veniret?
739 1082 835 1136 Ipse
867 1081 1009 1132 Plato,
1043 1080 1159 1134 apud
1182 1094 1311 1134 quem
1347 1080 1454 1122 haec
1483 1080 1619 1123 herba
1652 1082 1784 1123 semel
1810 1095 1929 1123 eom-

247 1156 532 1205 memoratur,
565 1153 679 1195 illam
716 1153 868 1195 urbem
910 1166 998 1194 non
1044 1153 1170 1195 affert
1210 1151 1412 1206 (Euthyd.
1451 1165 1490 1205 p.
1516 1152 1677 1206 2993).
1742 1153 1931 1196 Posteris

254 1228 399 1269 autem
433 1225 706 1279 temporibus
739 1237 833 1266 mos
867 1224 1012 1274 fiebat,
1046 1226 1094 1266 ut
1127 1223 1293 1277 aegroti
1326 1237 1372 1264 re
1406 1236 1507 1265 vera
1542 1224 1793 1276 Anticyram
1830 1239 1929 1279 pro-

246 1298 545 1341 ficiscerentur
577 1299 620 1339 et
652 1296 813 1338 diutius
846 1298 1089 1345 manerent,
1131 1295 1172 1337 id
1211 1296 1327 1349 quod
1363 1296 1503 1338 elucet
1535 1309 1587 1337 ex
1627 1297 1769 1338 verbis
1808 1298 1930 1340 Stra-

247 1370 376 1414 bonis
406 1371 450 1412 et
489 1368 628 1420 Plinii,
668 1381 854 1422 quorum
895 1367 964 1410 ille
1004 1368 1107 1410 dicit
1146 1367 1344 1422 (Θ418);
1395 1368 1476 1409 εἶτα
1510 1370 1729 1422 Ἀντικύρα
1861 1371 1931 1412 καὶ

249 1443 302 1498 δή
336 1458 465 1498 φασιν
496 1442 586 1483 ε’κεῖ
613 1441 684 1483 τὸν
715 1441 939 1494 ἑλλέβορον
971 1441 1157 1494 φύεσθαι
1195 1440 1265 1482 τὸν
1304 1441 1477 1488 ἀστεῖον,
1511 1441 1693 1482 ἐνταῦθα
1729 1442 1773 1483 δὲ
1806 1459 1928 1484 σκευ-

249 1515 427 1564 άζεσθαι
457 1513 619 1568 βέλτιον
651 1513 722 1554 καὶ
755 1513 821 1554 διὰ
855 1516 976 1554 τοῦτο
1017 1512 1253 1565 ἀποδημεῖν
1293 1513 1420 1565 δεῦρο
1458 1513 1641 1559 πολλοὺς
1672 1515 1931 1568 καθάρσεως

245 1586 317 1629 καὶ
347 1586 578 1639 θεραπείας
608 1585 743 1639 χάριν,
785 1597 882 1626 cum
923 1583 993 1626 hic
1026 1583 1229 1626 exhibeat
1263 1583 1334 1635 (N.
1354 1583 1408 1627 H.
1450 1583 1582 1626 XXV.
1605 1585 1699 1639 5⁶2):
1741 1586 1927 1628 Drusum

249 1669 426 1712 quoque
467 1656 641 1699 constat
680 1655 762 1697 hoc
805 1654 1125 1697 medicamento
1167 1655 1397 1697 liberatum
1442 1655 1646 1698 comitiali
1694 1658 1848 1699 morbo
1888 1658 1928 1699 in

249 1729 442 1784 Antcyra
478 1728 617 1770 insula
660 1727 836 1781 (quibus
878 1727 1019 1769 verbis
1061 1727 1224 1768 Plinius
1271 1727 1522 1781 Anticyram
1572 1729 1678 1770 t'also
1743 1730 1927 1771 insulam

248 1801 472 1856 appellat).
537 1800 690 1843 Verbis
727 1800 856 1852 igitur
900 1800 1027 1841 huius
1075 1799 1287 1854 epistulae
1332 1801 1453 1841 ἄπιθι
1498 1802 1555 1846 εἷς
1589 1802 1834 1855 Ἀντίκυραν
1861 1803 1931 1844 καὶ

248 1874 459 1928 ὠφελήσει
491 1889 537 1914 σε
569 1873 593 1913 ὁ
626 1873 848 1926 ἐλλέβορος
879 1872 1029 1917 ποθεὶς
1055 1873 1187 1917 πολύς
1221 1872 1417 1914 concludi
1458 1885 1586 1925 posse
1620 1874 1817 1916 existimo
1851 1874 1930 1917 has

246 1945 416 1988 litteras
448 1957 537 1986 non
559 1943 769 1997 Aristippi
802 1945 948 1985 aetate
979 1943 1164 1997 scriptas
1196 1956 1304 1985 esse.

392 2016 453 2058 Ex
473 2015 627 2058 litteris
659 2015 987 2069 insequentibus
1010 2028 1079 2056 res
1105 2014 1159 2057 ad
1183 2015 1407 2057 historiam
1437 2016 1704 2068 pertinentes
1734 2020 1930 2070 repetere

249 2091 626 2143 non'possumus,
670 2087 747 2129 sed
791 2099 865 2128 eas
907 2086 963 2128 ab
1007 2087 1229 2141 Aristippo
1272 2100 1358 2128 non
1395 2088 1662 2141 compositas
1705 2101 1798 2130 esse
1837 2089 1930 2131 aliis

247 2160 533 2214 argumentis,
561 2172 675 2214 quae
708 2159 818 2201 infra
852 2159 1047 2210 afferam,
1084 2159 1398 2213 comprobabo.

207 2228 209 2230 ’
391 2232 454 2274 De
487 2231 716 2274 iuvenibus
748 2231 1034 2273 Locrensibus
1067 2233 1220 2273 auctor
1252 2232 1447 2274 decimae
1490 2231 1702 2285 epistulae
1736 2233 1837 2275 facit
1871 2234 1930 2274 lo-

246 2307 452 2360 quentem
495 2303 772 2354 Aeschinem,
813 2303 886 2356 qui
926 2302 1197 2356 Aristippum
1238 2305 1348 2353 orat,
1391 2306 1438 2345 ut
1481 2316 1567 2345 una
1608 2317 1704 2345 cum
1750 2304 1932 2347 Platone

247 2375 342 2419 illos
385 2376 562 2418 iuvenes
612 2375 818 2429 Dionysio
864 2374 1142 2417 commendet
1194 2377 1236 2416 et
1282 2375 1321 2416 in
1368 2376 1651 2429 subsequenti
1696 2378 1932 2430 respondet

249 2447 500 2502 Aristippus
538 2460 586 2490 se
630 2447 837 2496 effecisse,
879 2449 927 2488 ut
966 2446 1025 2488 illi
1070 2446 1371 2490 liberarentur.
1445 2447 1571 2498 Quod
1617 2448 1798 2500 legimus
1840 2449 1932 2490 illos

248 2520 445 2575 proxime
477 2520 533 2562 ad.
566 2522 751 2562 mortem
787 2518 1035 2569 accessisse,
1069 2532 1156 2561 non
1186 2521 1292 2572 puto
1320 2519 1543 2574 Aristippo
1573 2521 1822 2572 contingere
1854 2535 1931 2574 po-

247 2591 398 2643 tuisse,
420 2593 469 2634 ut
495 2591 674 2633 iuvenes
696 2591 912 2641 liberaret,
934 2591 1190 2644 praesertim
1225 2605 1321 2633 cum
1357 2591 1542 2633 multum
1570 2593 1779 2646 temporis
1806 2606 1931 2645 prae-

248 2663 410 2716 teriret,
431 2660 535 2706 dum
551 2663 738 2717 epistula
753 2663 1018 2718 Sycracusas
1042 2664 1218 2706 veniret.
1244 2663 1293 2705 Et
1309 2664 1412 2717 quid
1429 2663 1605 2706 tandem
1627 2665 1852 2706 Aeschinis
1870 2665 1929 2706 in-

247 2738 412 2779 tererat
437 2735 599 2778 Locros
619 2736 834 2790 quosdam
864 2735 1042 2787 servari,
1069 2749 1165 2778 cum
1195 2736 1290 2777 sine
1322 2736 1455 2777 dubio
1483 2739 1685 2787 ageretur
1711 2736 1765 2779 de
1788 2737 1932 2778 Locris

247 2807 433 2850 Italiae?
477 2807 594 2850 Sane
620 2807 715 2850 illos
735 2807 1035 2862 philosophos,
1065 2807 1292 2850 Platonem
1316 2811 1357 2850 et
1384 2808 1668 2862 Aristippum,
1698 2811 1929 2862 tyrannum

248 2879 414 2922 hortari
446 2879 694 2933 oportebat,
716 2893 772 2923 ne
804 2879 907 2933 quid
929 2879 1132 2923 facinoris
1167 2880 1208 2921 in
1241 2893 1288 2921 se
1309 2881 1613 2923 committeret.
1668 2881 1930 2931 Accedebat,

249 2951 367 3005 quod
395 2950 608 3003 hocloco,
642 2964 741 2994 cum
771 2952 1001 3006 Dionysius
1023 2954 1137 2994 esset
1170 2952 1281 2993 filius
1302 2952 1473 2994 Doridis
1502 2952 1739 3002 LocrensiS,
1768 2953 1931 3005 optime

248 3023 351 3065 illud
385 3035 520 3076 genus
553 3023 964 3066 commendaticiam
1007 3023 1073 3066 vel
1113 3024 1459 3065 commissorium
1508 3024 1703 3066 adhiberi
1744 3027 1929 3077 poterat.

249 3093 335 3137 Sed
369 3094 552 3138 fortasse
584 3095 770 3150 scriptor
801 3095 1021 3149 cogitabat
1047 3095 1102 3137 de
1135 3095 1340 3150 Dionysio
1376 3095 1552 3147 Maiore,
1581 3097 1653 3149 qui
1681 3096 1931 3137 recentiori-

1791 3169 1827 3199 2*
